<?xml version="1.0" encoding="utf8"?>
<marcx:collection xmlns:marcx="info:lc/xmlns/marcxchange-v1">
<marcx:record format="danMARC2" type="Bibliographic" xmlns:marcx="info:lc/xmlns/marcxchange-v1"><marcx:leader>00000n    2200000   4500</marcx:leader><marcx:datafield tag="001" ind1="0" ind2="0"><marcx:subfield code="a">22438182</marcx:subfield><marcx:subfield code="b">191919</marcx:subfield><marcx:subfield code="c">20000515003854</marcx:subfield><marcx:subfield code="d">19990505</marcx:subfield><marcx:subfield code="f">a</marcx:subfield></marcx:datafield><marcx:datafield tag="004" ind1="0" ind2="0"><marcx:subfield code="r">n</marcx:subfield><marcx:subfield code="a">e</marcx:subfield></marcx:datafield><marcx:datafield tag="008" ind1="0" ind2="0"><marcx:subfield code="t">s</marcx:subfield><marcx:subfield code="u">f</marcx:subfield><marcx:subfield code="a">1999</marcx:subfield><marcx:subfield code="b">gb</marcx:subfield><marcx:subfield code="l">eng</marcx:subfield><marcx:subfield code="v">0</marcx:subfield></marcx:datafield><marcx:datafield tag="009" ind1="0" ind2="0"><marcx:subfield code="a">s</marcx:subfield><marcx:subfield code="g">xc</marcx:subfield></marcx:datafield><marcx:datafield tag="021" ind1="0" ind2="0"><marcx:subfield code="d">kr. 139,00</marcx:subfield></marcx:datafield><marcx:datafield tag="032" ind1="0" ind2="0"><marcx:subfield code="x">SFG199920</marcx:subfield><marcx:subfield code="x">DAT200021</marcx:subfield></marcx:datafield><marcx:datafield tag="039" ind1="0" ind2="0"><marcx:subfield code="a">bef</marcx:subfield></marcx:datafield><marcx:datafield tag="110" ind1="0" ind2="0"><marcx:subfield code="a">The ¤Fall</marcx:subfield></marcx:datafield><marcx:datafield tag="245" ind1="0" ind2="0"><marcx:subfield code="a">The ¤light user syndrome</marcx:subfield><marcx:subfield code="e">The Fall (Mark E. Smith, Brix Smith, Julie Nagle, Stephen Hanley, Simon Wolstencroft, Karl Burns, Lucy Rimmer, Mike Bennett)</marcx:subfield></marcx:datafield><marcx:datafield tag="260" ind1="0" ind2="0"><marcx:subfield code="a">London</marcx:subfield><marcx:subfield code="b">Receiver</marcx:subfield><marcx:subfield code="c">p 1999</marcx:subfield></marcx:datafield><marcx:datafield tag="300" ind1="0" ind2="0"><marcx:subfield code="n">1 cd</marcx:subfield></marcx:datafield><marcx:datafield tag="531" ind1="0" ind2="0"><marcx:subfield code="a">Indhold:</marcx:subfield></marcx:datafield><marcx:datafield tag="538" ind1="0" ind2="0"><marcx:subfield code="f">Receiver</marcx:subfield><marcx:subfield code="g">RRCD 264</marcx:subfield></marcx:datafield><marcx:datafield tag="652" ind1="0" ind2="0"><marcx:subfield code="m">78.794</marcx:subfield><marcx:subfield code="v">5</marcx:subfield></marcx:datafield><marcx:datafield tag="666" ind1="0" ind2="0"><marcx:subfield code="0"/><marcx:subfield code="m">rock</marcx:subfield><marcx:subfield code="m">punk</marcx:subfield><marcx:subfield code="n">vokal</marcx:subfield><marcx:subfield code="p">1990-1999</marcx:subfield><marcx:subfield code="l">England</marcx:subfield></marcx:datafield><marcx:datafield tag="700" ind1="0" ind2="0"><marcx:subfield code="a">Smith</marcx:subfield><marcx:subfield code="h">Mark E.</marcx:subfield></marcx:datafield><marcx:datafield tag="700" ind1="0" ind2="0"><marcx:subfield code="a">Hanley</marcx:subfield><marcx:subfield code="h">Steve</marcx:subfield></marcx:datafield><marcx:datafield tag="700" ind1="0" ind2="0"><marcx:subfield code="a">Wolstencroft</marcx:subfield><marcx:subfield code="h">Simon</marcx:subfield></marcx:datafield><marcx:datafield tag="700" ind1="0" ind2="0"><marcx:subfield code="a">Smith</marcx:subfield><marcx:subfield code="h">Brix</marcx:subfield></marcx:datafield><marcx:datafield tag="700" ind1="0" ind2="0"><marcx:subfield code="a">Burns</marcx:subfield><marcx:subfield code="h">Karl</marcx:subfield></marcx:datafield><marcx:datafield tag="700" ind1="0" ind2="0"><marcx:subfield code="a">Bennett</marcx:subfield><marcx:subfield code="h">Mike</marcx:subfield></marcx:datafield><marcx:datafield tag="700" ind1="0" ind2="0"><marcx:subfield code="a">Nagle</marcx:subfield><marcx:subfield code="h">Julie</marcx:subfield></marcx:datafield><marcx:datafield tag="700" ind1="0" ind2="0"><marcx:subfield code="a">Rimmer</marcx:subfield><marcx:subfield code="h">Lucy</marcx:subfield></marcx:datafield><marcx:datafield tag="795" ind1="0" ind2="0"><marcx:subfield code="å">11</marcx:subfield><marcx:subfield code="a">D.I.Y. meat</marcx:subfield><marcx:subfield code="a">Das ¤Vulture ans ein Nutter-Wain</marcx:subfield><marcx:subfield code="a">He pep!</marcx:subfield><marcx:subfield code="a">Hostile</marcx:subfield><marcx:subfield code="a">Stay away (old white train)</marcx:subfield><marcx:subfield code="a">Spinetrak</marcx:subfield><marcx:subfield code="a">Interlude</marcx:subfield><marcx:subfield code="7">/</marcx:subfield><marcx:subfield code="a">Chilinism</marcx:subfield><marcx:subfield code="a">Powder keg</marcx:subfield><marcx:subfield code="a">Oleano</marcx:subfield><marcx:subfield code="a">Cheetham Hill</marcx:subfield><marcx:subfield code="a">The ¤Coliseum</marcx:subfield><marcx:subfield code="a">Last chance to turn around</marcx:subfield><marcx:subfield code="a">The ¤ballard of J. Drummer</marcx:subfield><marcx:subfield code="a">Oxymoron</marcx:subfield><marcx:subfield code="a">Secession man</marcx:subfield><marcx:subfield code="a">The ¤chiselers</marcx:subfield><marcx:subfield code="a">Chilinist</marcx:subfield></marcx:datafield><marcx:datafield tag="990" ind1="0" ind2="0"><marcx:subfield code="a">SFG</marcx:subfield><marcx:subfield code="c">C</marcx:subfield><marcx:subfield code="o">199920</marcx:subfield><marcx:subfield code="t">04.06.99</marcx:subfield></marcx:datafield><marcx:datafield tag="996" ind1="0" ind2="0"><marcx:subfield code="a">DBC</marcx:subfield></marcx:datafield></marcx:record>