
<marcx:record format="danMARC2" type="Bibliographic" xmlns:marcx="info:lc/xmlns/marcxchange-v1"><marcx:leader>00000n    2200000   4500</marcx:leader><marcx:datafield tag="001" ind1="0" ind2="0"><marcx:subfield code="a">10145244</marcx:subfield><marcx:subfield code="b">191919</marcx:subfield><marcx:subfield code="c">19900718</marcx:subfield><marcx:subfield code="d">19900718</marcx:subfield><marcx:subfield code="f">a</marcx:subfield><marcx:subfield code="o">c</marcx:subfield></marcx:datafield><marcx:datafield tag="004" ind1="0" ind2="0"><marcx:subfield code="r">n</marcx:subfield><marcx:subfield code="a">e</marcx:subfield></marcx:datafield><marcx:datafield tag="008" ind1="0" ind2="0"><marcx:subfield code="t">s</marcx:subfield><marcx:subfield code="v">0</marcx:subfield></marcx:datafield><marcx:datafield tag="009" ind1="0" ind2="0"><marcx:subfield code="a">s</marcx:subfield><marcx:subfield code="g">xk</marcx:subfield></marcx:datafield><marcx:datafield tag="039" ind1="0" ind2="0"><marcx:subfield code="a">eta</marcx:subfield></marcx:datafield><marcx:datafield tag="245" ind1="0" ind2="0"><marcx:subfield code="a">Träumerei, vol. 3</marcx:subfield><marcx:subfield code="c">die schönsten romantischen Klavierstücke</marcx:subfield></marcx:datafield><marcx:datafield tag="260" ind1="0" ind2="0"><marcx:subfield code="b">DGG</marcx:subfield></marcx:datafield><marcx:datafield tag="300" ind1="0" ind2="0"><marcx:subfield code="n">1 grammofonplade</marcx:subfield><marcx:subfield code="b">Stereo</marcx:subfield><marcx:subfield code="c">30 cm</marcx:subfield></marcx:datafield><marcx:datafield tag="531" ind1="0" ind2="0"><marcx:subfield code="a">Indhold:</marcx:subfield></marcx:datafield><marcx:datafield tag="538" ind1="0" ind2="0"><marcx:subfield code="f">DGG</marcx:subfield><marcx:subfield code="g">2545 031</marcx:subfield></marcx:datafield><marcx:datafield tag="652" ind1="0" ind2="0"><marcx:subfield code="m">78.53</marcx:subfield></marcx:datafield><marcx:datafield tag="652" ind1="0" ind2="0"><marcx:subfield code="å">11</marcx:subfield><marcx:subfield code="i">78.53</marcx:subfield><marcx:subfield code="i">78.53</marcx:subfield></marcx:datafield><marcx:datafield tag="652" ind1="0" ind2="0"><marcx:subfield code="å">12</marcx:subfield><marcx:subfield code="i">78.53</marcx:subfield></marcx:datafield><marcx:datafield tag="652" ind1="0" ind2="0"><marcx:subfield code="å">13</marcx:subfield><marcx:subfield code="i">78.55</marcx:subfield></marcx:datafield><marcx:datafield tag="652" ind1="0" ind2="0"><marcx:subfield code="å">14</marcx:subfield><marcx:subfield code="i">78.53</marcx:subfield><marcx:subfield code="i">78.53</marcx:subfield><marcx:subfield code="i">78.53</marcx:subfield></marcx:datafield><marcx:datafield tag="652" ind1="0" ind2="0"><marcx:subfield code="å">15</marcx:subfield><marcx:subfield code="i">78.53</marcx:subfield></marcx:datafield><marcx:datafield tag="652" ind1="0" ind2="0"><marcx:subfield code="å">16</marcx:subfield><marcx:subfield code="i">78.53</marcx:subfield></marcx:datafield><marcx:datafield tag="652" ind1="0" ind2="0"><marcx:subfield code="å">17</marcx:subfield><marcx:subfield code="i">78.53</marcx:subfield></marcx:datafield><marcx:datafield tag="652" ind1="0" ind2="0"><marcx:subfield code="å">18</marcx:subfield><marcx:subfield code="i">78.53</marcx:subfield></marcx:datafield><marcx:datafield tag="700" ind1="0" ind2="0"><marcx:subfield code="a">Kempff</marcx:subfield><marcx:subfield code="h">Wilhelm</marcx:subfield></marcx:datafield><marcx:datafield tag="700" ind1="0" ind2="0"><marcx:subfield code="a">Ciani</marcx:subfield><marcx:subfield code="h">Dino</marcx:subfield></marcx:datafield><marcx:datafield tag="700" ind1="0" ind2="0"><marcx:subfield code="a">Eschenbach</marcx:subfield><marcx:subfield code="h">Christoph</marcx:subfield></marcx:datafield><marcx:datafield tag="700" ind1="0" ind2="0"><marcx:subfield code="a">Frantz</marcx:subfield><marcx:subfield code="h">Justus</marcx:subfield></marcx:datafield><marcx:datafield tag="700" ind1="0" ind2="0"><marcx:subfield code="a">Vásáry</marcx:subfield><marcx:subfield code="h">Tamás</marcx:subfield></marcx:datafield><marcx:datafield tag="700" ind1="0" ind2="0"><marcx:subfield code="a">Argerich</marcx:subfield><marcx:subfield code="h">Martha</marcx:subfield></marcx:datafield><marcx:datafield tag="700" ind1="0" ind2="0"><marcx:subfield code="a">Bernette</marcx:subfield><marcx:subfield code="h">Yara</marcx:subfield></marcx:datafield><marcx:datafield tag="745" ind1="0" ind2="0"><marcx:subfield code="a">Die ¤schönsten romantischen Klavierstücke</marcx:subfield></marcx:datafield><marcx:datafield tag="770" ind1="0" ind2="0"><marcx:subfield code="å">11</marcx:subfield><marcx:subfield code="a">Schumann</marcx:subfield><marcx:subfield code="h">Robert</marcx:subfield></marcx:datafield><marcx:datafield tag="770" ind1="0" ind2="0"><marcx:subfield code="å">12</marcx:subfield><marcx:subfield code="a">Beethoven</marcx:subfield><marcx:subfield code="h">Ludwig van</marcx:subfield></marcx:datafield><marcx:datafield tag="770" ind1="0" ind2="0"><marcx:subfield code="å">13</marcx:subfield><marcx:subfield code="a">Mozart</marcx:subfield><marcx:subfield code="h">Wolfgang Amadeus</marcx:subfield></marcx:datafield><marcx:datafield tag="770" ind1="0" ind2="0"><marcx:subfield code="å">14</marcx:subfield><marcx:subfield code="a">Chopin</marcx:subfield><marcx:subfield code="h">Frédéric</marcx:subfield></marcx:datafield><marcx:datafield tag="770" ind1="0" ind2="0"><marcx:subfield code="å">15</marcx:subfield><marcx:subfield code="a">Liszt</marcx:subfield><marcx:subfield code="h">Franz</marcx:subfield></marcx:datafield><marcx:datafield tag="770" ind1="0" ind2="0"><marcx:subfield code="å">16</marcx:subfield><marcx:subfield code="a">Schubert</marcx:subfield><marcx:subfield code="h">Franz</marcx:subfield></marcx:datafield><marcx:datafield tag="770" ind1="0" ind2="0"><marcx:subfield code="å">17</marcx:subfield><marcx:subfield code="a">Rachmaninov</marcx:subfield><marcx:subfield code="h">Sergej</marcx:subfield></marcx:datafield><marcx:datafield tag="770" ind1="0" ind2="0"><marcx:subfield code="å">18</marcx:subfield><marcx:subfield code="a">Debussy</marcx:subfield><marcx:subfield code="h">Claude</marcx:subfield></marcx:datafield><marcx:datafield tag="795" ind1="0" ind2="0"><marcx:subfield code="å">40</marcx:subfield><marcx:subfield code="y">0</marcx:subfield><marcx:subfield code="a">Kinderszenen</marcx:subfield><marcx:subfield code="a">Eintritt</marcx:subfield><marcx:subfield code="a">Måneskinssonate (1. sats)</marcx:subfield><marcx:subfield code="a">Gondoliera</marcx:subfield></marcx:datafield><marcx:datafield tag="795" ind1="0" ind2="0"><marcx:subfield code="å">11</marcx:subfield><marcx:subfield code="a">Träumerei, opus 15:7</marcx:subfield><marcx:subfield code="c">af Kinderszenen</marcx:subfield><marcx:subfield code="e">Wilhelm Kempff, klaver</marcx:subfield><marcx:subfield code="a">Waldszenen, opus 82 (Eintritt)</marcx:subfield><marcx:subfield code="e">Christoph Eschenbach, klaver</marcx:subfield></marcx:datafield><marcx:datafield tag="795" ind1="0" ind2="0"><marcx:subfield code="å">12</marcx:subfield><marcx:subfield code="a">Sonate for klaver nr. 14, cis-mol, opus 27:2</marcx:subfield><marcx:subfield code="c">Måneskinssonate (1. sats)</marcx:subfield><marcx:subfield code="e">Wilhelm Kempff, klaver</marcx:subfield></marcx:datafield><marcx:datafield tag="795" ind1="0" ind2="0"><marcx:subfield code="å">13</marcx:subfield><marcx:subfield code="a">Sonate for klaver, 4 hænder, C-dur, Köchel 19d (3. sats)</marcx:subfield><marcx:subfield code="e">Christoph Eschenbach og Justus Frantz, klaver</marcx:subfield></marcx:datafield><marcx:datafield tag="795" ind1="0" ind2="0"><marcx:subfield code="å">14</marcx:subfield><marcx:subfield code="a">Nocturne for klaver, F-dur, opus 15:1</marcx:subfield><marcx:subfield code="e">Tamás Vásáry, klaver</marcx:subfield><marcx:subfield code="a">Polonaise for klaver nr. 6, As-dur, opus 53</marcx:subfield><marcx:subfield code="e">Martha Argerich, klaver</marcx:subfield><marcx:subfield code="a">Mazurka for klaver, a-mol, opus 68:2</marcx:subfield><marcx:subfield code="e">Tamás Vásáry, klaver</marcx:subfield></marcx:datafield><marcx:datafield tag="795" ind1="0" ind2="0"><marcx:subfield code="å">15</marcx:subfield><marcx:subfield code="a">Venezia e Napoli (Gondoliera)</marcx:subfield><marcx:subfield code="e">Wilhelm Kempff, klaver</marcx:subfield></marcx:datafield><marcx:datafield tag="795" ind1="0" ind2="0"><marcx:subfield code="å">16</marcx:subfield><marcx:subfield code="a">Impromptu for klaver, As-dur, Deutsch 899:4 (opus 90:4)</marcx:subfield><marcx:subfield code="e">Wilhelm Kempff, klaver</marcx:subfield></marcx:datafield><marcx:datafield tag="795" ind1="0" ind2="0"><marcx:subfield code="å">17</marcx:subfield><marcx:subfield code="a">Præludium for klaver, G-dur, opus 32:5</marcx:subfield><marcx:subfield code="e">Yara Bernette, klaver</marcx:subfield></marcx:datafield><marcx:datafield tag="795" ind1="0" ind2="0"><marcx:subfield code="å">18</marcx:subfield><marcx:subfield code="a">Pigen med hørhåret</marcx:subfield><marcx:subfield code="e">Dino Ciani, klaver</marcx:subfield></marcx:datafield><marcx:datafield tag="996" ind1="0" ind2="0"><marcx:subfield code="a">779100</marcx:subfield></marcx:datafield></marcx:record>