
<marcx:record format="danMARC2" type="Bibliographic" xmlns:marcx="info:lc/xmlns/marcxchange-v1"><marcx:leader>00000n    2200000   4500</marcx:leader><marcx:datafield tag="001" ind1="0" ind2="0"><marcx:subfield code="a">01103644</marcx:subfield><marcx:subfield code="b">191919</marcx:subfield><marcx:subfield code="c">20121019215715</marcx:subfield><marcx:subfield code="d">19760421</marcx:subfield><marcx:subfield code="f">a</marcx:subfield><marcx:subfield code="o">c</marcx:subfield></marcx:datafield><marcx:datafield tag="004" ind1="0" ind2="0"><marcx:subfield code="r">n</marcx:subfield><marcx:subfield code="a">e</marcx:subfield></marcx:datafield><marcx:datafield tag="008" ind1="0" ind2="0"><marcx:subfield code="t">m</marcx:subfield><marcx:subfield code="u">r</marcx:subfield><marcx:subfield code="a">1979</marcx:subfield><marcx:subfield code="v">0</marcx:subfield><marcx:subfield code="z">1986</marcx:subfield><marcx:subfield code="b">dk</marcx:subfield><marcx:subfield code="j">f</marcx:subfield><marcx:subfield code="l">dan</marcx:subfield><marcx:subfield code="o">b</marcx:subfield></marcx:datafield><marcx:datafield tag="009" ind1="0" ind2="0"><marcx:subfield code="a">a</marcx:subfield><marcx:subfield code="g">xx</marcx:subfield></marcx:datafield><marcx:datafield tag="021" ind1="0" ind2="0"><marcx:subfield code="a">87-429-2150-3</marcx:subfield><marcx:subfield code="c">ib.</marcx:subfield><marcx:subfield code="d">kr. 36.00</marcx:subfield></marcx:datafield><marcx:datafield tag="032" ind1="0" ind2="0"><marcx:subfield code="a">DBF198708</marcx:subfield><marcx:subfield code="x">SFD198708</marcx:subfield><marcx:subfield code="x">BØK198703</marcx:subfield><marcx:subfield code="x">SKO198804</marcx:subfield><marcx:subfield code="x">DAT991243</marcx:subfield></marcx:datafield><marcx:datafield tag="041" ind1="0" ind2="0"><marcx:subfield code="a">dan</marcx:subfield><marcx:subfield code="c">eng</marcx:subfield></marcx:datafield><marcx:datafield tag="100" ind1="0" ind2="0"><marcx:subfield code="a">Blyton</marcx:subfield><marcx:subfield code="h">Enid</marcx:subfield></marcx:datafield><marcx:datafield tag="241" ind1="0" ind2="0"><marcx:subfield code="a">Five have plenty of fun</marcx:subfield></marcx:datafield><marcx:datafield tag="245" ind1="0" ind2="0"><marcx:subfield code="a">De ¤Fem og kidnapperne</marcx:subfield><marcx:subfield code="e">[af] Enid Blyton</marcx:subfield><marcx:subfield code="f">[oversat fra den engelske originaludgave ... af Vivi Berendt]</marcx:subfield></marcx:datafield><marcx:datafield tag="250" ind1="0" ind2="0"><marcx:subfield code="a">2. udgave</marcx:subfield><marcx:subfield code="x">5. oplag</marcx:subfield><marcx:subfield code="b">2. udgave</marcx:subfield></marcx:datafield><marcx:datafield tag="260" ind1="0" ind2="0"><marcx:subfield code="&amp;">1</marcx:subfield><marcx:subfield code="a">Kbh.</marcx:subfield><marcx:subfield code="b">Grafisk</marcx:subfield><marcx:subfield code="c">1986</marcx:subfield><marcx:subfield code="k">Grafisk Inst.</marcx:subfield></marcx:datafield><marcx:datafield tag="300" ind1="0" ind2="0"><marcx:subfield code="a">125 sider</marcx:subfield><marcx:subfield code="c">21 cm</marcx:subfield></marcx:datafield><marcx:datafield tag="440" ind1="0" ind2="0"><marcx:subfield code="&amp;">i</marcx:subfield><marcx:subfield code="a">De ¤5</marcx:subfield><marcx:subfield code="v">14</marcx:subfield></marcx:datafield><marcx:datafield tag="504" ind1="0" ind2="0"><marcx:subfield code="&amp;">1</marcx:subfield><marcx:subfield code="a">Fire børn og en hund opdager forbrydere og spioner</marcx:subfield></marcx:datafield><marcx:datafield tag="520" ind1="0" ind2="0"><marcx:subfield code="&amp;">1</marcx:subfield><marcx:subfield code="a">Originaludgave: 1955</marcx:subfield></marcx:datafield><marcx:datafield tag="520" ind1="0" ind2="0"><marcx:subfield code="a">Tidligere: 2. udgave. 1979. - 1. udgave. 1964</marcx:subfield></marcx:datafield><marcx:datafield tag="652" ind1="0" ind2="0"><marcx:subfield code="n">83</marcx:subfield><marcx:subfield code="z">296</marcx:subfield></marcx:datafield><marcx:datafield tag="652" ind1="0" ind2="0"><marcx:subfield code="o">sk</marcx:subfield></marcx:datafield><marcx:datafield tag="666" ind1="0" ind2="0"><marcx:subfield code="0"/><marcx:subfield code="s">krimi</marcx:subfield></marcx:datafield><marcx:datafield tag="666" ind1="0" ind2="0"><marcx:subfield code="0"/><marcx:subfield code="u">for 10 år</marcx:subfield></marcx:datafield><marcx:datafield tag="666" ind1="0" ind2="0"><marcx:subfield code="0"/><marcx:subfield code="u">for 11 år</marcx:subfield></marcx:datafield><marcx:datafield tag="666" ind1="0" ind2="0"><marcx:subfield code="0"/><marcx:subfield code="u">for 12 år</marcx:subfield></marcx:datafield><marcx:datafield tag="745" ind1="0" ind2="0"><marcx:subfield code="a">De ¤5 og kidnapperne</marcx:subfield></marcx:datafield><marcx:datafield tag="840" ind1="0" ind2="0"><marcx:subfield code="a">De ¤5</marcx:subfield><marcx:subfield code="v">14</marcx:subfield></marcx:datafield><marcx:datafield tag="945" ind1="0" ind2="0"><marcx:subfield code="a">De ¤Fem</marcx:subfield><marcx:subfield code="z">840(a)</marcx:subfield></marcx:datafield><marcx:datafield tag="996" ind1="0" ind2="0"><marcx:subfield code="a">DBC</marcx:subfield></marcx:datafield></marcx:record>