
<marcx:record format="danMARC2" type="Bibliographic" xmlns:marcx="info:lc/xmlns/marcxchange-v1"><marcx:leader>00000n    2200000   4500</marcx:leader><marcx:datafield tag="001" ind1="0" ind2="0"><marcx:subfield code="a">51326938</marcx:subfield><marcx:subfield code="b">191919</marcx:subfield><marcx:subfield code="c">20141022094119</marcx:subfield><marcx:subfield code="d">20140929</marcx:subfield><marcx:subfield code="f">a</marcx:subfield></marcx:datafield><marcx:datafield tag="004" ind1="0" ind2="0"><marcx:subfield code="r">n</marcx:subfield><marcx:subfield code="a">e</marcx:subfield></marcx:datafield><marcx:datafield tag="008" ind1="0" ind2="0"><marcx:subfield code="t">m</marcx:subfield><marcx:subfield code="u">f</marcx:subfield><marcx:subfield code="a">2014</marcx:subfield><marcx:subfield code="b">dk</marcx:subfield><marcx:subfield code="d">x</marcx:subfield><marcx:subfield code="j">f</marcx:subfield><marcx:subfield code="l">dan</marcx:subfield><marcx:subfield code="v">0</marcx:subfield></marcx:datafield><marcx:datafield tag="009" ind1="0" ind2="0"><marcx:subfield code="a">a</marcx:subfield><marcx:subfield code="g">xx</marcx:subfield></marcx:datafield><marcx:datafield tag="021" ind1="0" ind2="0"><marcx:subfield code="e">9788771293616</marcx:subfield><marcx:subfield code="c">ib.</marcx:subfield></marcx:datafield><marcx:datafield tag="032" ind1="0" ind2="0"><marcx:subfield code="x">ACC201440</marcx:subfield><marcx:subfield code="a">DBF201443</marcx:subfield><marcx:subfield code="x">BKM201443</marcx:subfield><marcx:subfield code="x">BKX201442</marcx:subfield></marcx:datafield><marcx:datafield tag="041" ind1="0" ind2="0"><marcx:subfield code="a">dan</marcx:subfield><marcx:subfield code="c">jpn</marcx:subfield></marcx:datafield><marcx:datafield tag="100" ind1="0" ind2="0"><marcx:subfield code="0"/><marcx:subfield code="a">Murakami</marcx:subfield><marcx:subfield code="h">Haruki</marcx:subfield><marcx:subfield code="4">aut</marcx:subfield></marcx:datafield><marcx:datafield tag="241" ind1="0" ind2="0"><marcx:subfield code="a">Shikisai o motanai Tazaki Tsukuru to, kare no junrei no toshi</marcx:subfield></marcx:datafield><marcx:datafield tag="245" ind1="0" ind2="0"><marcx:subfield code="a">Den ¤farveløse Tsukuru Tazakis pilgrimsår</marcx:subfield></marcx:datafield><marcx:datafield tag="250" ind1="0" ind2="0"><marcx:subfield code="a">1. udgave</marcx:subfield><marcx:subfield code="b">÷</marcx:subfield></marcx:datafield><marcx:datafield tag="260" ind1="0" ind2="0"><marcx:subfield code="&amp;">1</marcx:subfield><marcx:subfield code="a">[Ꜳrhus]</marcx:subfield><marcx:subfield code="b">Klim</marcx:subfield><marcx:subfield code="c">2014</marcx:subfield></marcx:datafield><marcx:datafield tag="300" ind1="0" ind2="0"><marcx:subfield code="a">302 sider</marcx:subfield></marcx:datafield><marcx:datafield tag="504" ind1="0" ind2="0"><marcx:subfield code="&amp;">1</marcx:subfield><marcx:subfield code="a">Den farveløse Tsukuru Tazaki opsøger sine gamle ungdomsvenner, for at forstå hvorfor de vendte ham ryggen 16 år tidligere. Gennem mødet med de tabte venner, danner Tsukuru et nyt billede af sig selv, og langsomt får hans personlighed farver</marcx:subfield></marcx:datafield><marcx:datafield tag="521" ind1="0" ind2="0"><marcx:subfield code="&amp;">REX</marcx:subfield><marcx:subfield code="b">1. oplag</marcx:subfield><marcx:subfield code="c">2014</marcx:subfield><marcx:subfield code="k">tr. i udl</marcx:subfield></marcx:datafield><marcx:datafield tag="652" ind1="0" ind2="0"><marcx:subfield code="n">88.869</marcx:subfield><marcx:subfield code="z">26</marcx:subfield></marcx:datafield><marcx:datafield tag="652" ind1="0" ind2="0"><marcx:subfield code="o">sk</marcx:subfield></marcx:datafield><marcx:datafield tag="666" ind1="0" ind2="0"><marcx:subfield code="0"/><marcx:subfield code="s">identitet</marcx:subfield></marcx:datafield><marcx:datafield tag="666" ind1="0" ind2="0"><marcx:subfield code="0"/><marcx:subfield code="s">personlighedsudvikling</marcx:subfield></marcx:datafield><marcx:datafield tag="666" ind1="0" ind2="0"><marcx:subfield code="0"/><marcx:subfield code="s">venskab</marcx:subfield></marcx:datafield><marcx:datafield tag="666" ind1="0" ind2="0"><marcx:subfield code="0"/><marcx:subfield code="q">Japan</marcx:subfield></marcx:datafield><marcx:datafield tag="720" ind1="0" ind2="0"><marcx:subfield code="o">Mette Holm</marcx:subfield><marcx:subfield code="4">trl</marcx:subfield></marcx:datafield><marcx:datafield tag="990" ind1="0" ind2="0"><marcx:subfield code="o">201443</marcx:subfield><marcx:subfield code="b">l</marcx:subfield><marcx:subfield code="b">v</marcx:subfield><marcx:subfield code="u">nt</marcx:subfield></marcx:datafield><marcx:datafield tag="991" ind1="0" ind2="0"><marcx:subfield code="o">Ekspres 201442</marcx:subfield></marcx:datafield><marcx:datafield tag="996" ind1="0" ind2="0"><marcx:subfield code="a">DBC</marcx:subfield></marcx:datafield></marcx:record>