
<marcx:record format="danMARC2" type="Bibliographic" xmlns:marcx="info:lc/xmlns/marcxchange-v1"><marcx:leader>00000n    2200000   4500</marcx:leader><marcx:datafield tag="001" ind1="0" ind2="0"><marcx:subfield code="a">51731980</marcx:subfield><marcx:subfield code="b">191919</marcx:subfield><marcx:subfield code="c">20150709095420</marcx:subfield><marcx:subfield code="d">20150511</marcx:subfield><marcx:subfield code="f">a</marcx:subfield></marcx:datafield><marcx:datafield tag="004" ind1="0" ind2="0"><marcx:subfield code="r">n</marcx:subfield><marcx:subfield code="a">h</marcx:subfield></marcx:datafield><marcx:datafield tag="006" ind1="0" ind2="0"><marcx:subfield code="d">7</marcx:subfield><marcx:subfield code="2">b</marcx:subfield></marcx:datafield><marcx:datafield tag="006" ind1="0" ind2="0"><marcx:subfield code="c">20150608</marcx:subfield><marcx:subfield code="2">e</marcx:subfield></marcx:datafield><marcx:datafield tag="008" ind1="0" ind2="0"><marcx:subfield code="u">f</marcx:subfield><marcx:subfield code="a">2015</marcx:subfield><marcx:subfield code="b">se</marcx:subfield><marcx:subfield code="l">eng</marcx:subfield><marcx:subfield code="v">0</marcx:subfield></marcx:datafield><marcx:datafield tag="009" ind1="0" ind2="0"><marcx:subfield code="a">m</marcx:subfield><marcx:subfield code="g">th</marcx:subfield></marcx:datafield><marcx:datafield tag="021" ind1="0" ind2="0"><marcx:subfield code="b">Brugsretskategori: B</marcx:subfield></marcx:datafield><marcx:datafield tag="023" ind1="0" ind2="0"><marcx:subfield code="b">5053083025014</marcx:subfield></marcx:datafield><marcx:datafield tag="041" ind1="0" ind2="0"><marcx:subfield code="a">eng</marcx:subfield><marcx:subfield code="u">eng</marcx:subfield><marcx:subfield code="u">dut</marcx:subfield><marcx:subfield code="u">dan</marcx:subfield><marcx:subfield code="u">nor</marcx:subfield><marcx:subfield code="u">fin</marcx:subfield><marcx:subfield code="u">swe</marcx:subfield></marcx:datafield><marcx:datafield tag="245" ind1="0" ind2="0"><marcx:subfield code="a">Downton Abbey</marcx:subfield><marcx:subfield code="ø">Sæson 5</marcx:subfield></marcx:datafield><marcx:datafield tag="260" ind1="0" ind2="0"><marcx:subfield code="a">[Solna]</marcx:subfield><marcx:subfield code="b">Universal Sony Pictures Home Entertainment Nordic</marcx:subfield><marcx:subfield code="c">[2015]</marcx:subfield></marcx:datafield><marcx:datafield tag="300" ind1="0" ind2="0"><marcx:subfield code="n">3 dvd-videoer</marcx:subfield><marcx:subfield code="l">6 t., 58 min.</marcx:subfield></marcx:datafield><marcx:datafield tag="504" ind1="0" ind2="0"><marcx:subfield code="&amp;">1</marcx:subfield><marcx:subfield code="a">Året er 1924. En ny labourregering varsler forandringer, der kan mærkes over hele landet. På Downton Abbey må Robert, Mary og Branson holde kursen for at styre godset igennem de usikre tider</marcx:subfield></marcx:datafield><marcx:datafield tag="508" ind1="0" ind2="0"><marcx:subfield code="a">Engelsk tale</marcx:subfield></marcx:datafield><marcx:datafield tag="508" ind1="0" ind2="0"><marcx:subfield code="a">Undertekster på hollandsk, dansk, norsk, finsk og svensk</marcx:subfield></marcx:datafield><marcx:datafield tag="508" ind1="0" ind2="0"><marcx:subfield code="a">Tekstet for hørehæmmede på engelsk</marcx:subfield></marcx:datafield><marcx:datafield tag="512" ind1="0" ind2="0"><marcx:subfield code="a">På materialet: Series five</marcx:subfield></marcx:datafield><marcx:datafield tag="512" ind1="0" ind2="0"><marcx:subfield code="a">Produktion: Carnival Film &amp; Television (Storbritannien), 2014</marcx:subfield></marcx:datafield><marcx:datafield tag="517" ind1="0" ind2="0"><marcx:subfield code="&amp;">1</marcx:subfield><marcx:subfield code="a">Mærkning: Tilladt for alle men frarådes børn under 7 år</marcx:subfield></marcx:datafield><marcx:datafield tag="538" ind1="0" ind2="0"><marcx:subfield code="a">Nordic 8302501</marcx:subfield></marcx:datafield><marcx:datafield tag="652" ind1="0" ind2="0"><marcx:subfield code="m">77.7</marcx:subfield></marcx:datafield><marcx:datafield tag="666" ind1="0" ind2="0"><marcx:subfield code="0"/><marcx:subfield code="s">tv-serier</marcx:subfield></marcx:datafield><marcx:datafield tag="666" ind1="0" ind2="0"><marcx:subfield code="0"/><marcx:subfield code="s">overklassen</marcx:subfield></marcx:datafield><marcx:datafield tag="666" ind1="0" ind2="0"><marcx:subfield code="0"/><marcx:subfield code="s">tjenestefolk</marcx:subfield></marcx:datafield><marcx:datafield tag="666" ind1="0" ind2="0"><marcx:subfield code="0"/><marcx:subfield code="s">landsteder</marcx:subfield></marcx:datafield><marcx:datafield tag="666" ind1="0" ind2="0"><marcx:subfield code="0"/><marcx:subfield code="q">England</marcx:subfield></marcx:datafield><marcx:datafield tag="666" ind1="0" ind2="0"><marcx:subfield code="0"/><marcx:subfield code="i">1920-1929</marcx:subfield></marcx:datafield><marcx:datafield tag="700" ind1="0" ind2="0"><marcx:subfield code="0"/><marcx:subfield code="a">Fellowes</marcx:subfield><marcx:subfield code="h">Julian</marcx:subfield><marcx:subfield code="4">aus</marcx:subfield><marcx:subfield code="4">cre</marcx:subfield></marcx:datafield><marcx:datafield tag="720" ind1="0" ind2="0"><marcx:subfield code="o">Hugh Bonneville</marcx:subfield><marcx:subfield code="4">act</marcx:subfield></marcx:datafield><marcx:datafield tag="720" ind1="0" ind2="0"><marcx:subfield code="o">Laura Carmichael</marcx:subfield><marcx:subfield code="4">act</marcx:subfield></marcx:datafield><marcx:datafield tag="720" ind1="0" ind2="0"><marcx:subfield code="o">Jim Carter</marcx:subfield><marcx:subfield code="4">act</marcx:subfield></marcx:datafield><marcx:datafield tag="720" ind1="0" ind2="0"><marcx:subfield code="o">Brendan Coyle</marcx:subfield><marcx:subfield code="4">act</marcx:subfield></marcx:datafield><marcx:datafield tag="720" ind1="0" ind2="0"><marcx:subfield code="o">Michelle Dockery</marcx:subfield><marcx:subfield code="4">act</marcx:subfield></marcx:datafield><marcx:datafield tag="720" ind1="0" ind2="0"><marcx:subfield code="o">Joanne Froggatt</marcx:subfield><marcx:subfield code="4">act</marcx:subfield></marcx:datafield><marcx:datafield tag="720" ind1="0" ind2="0"><marcx:subfield code="o">Rob James-Collier</marcx:subfield><marcx:subfield code="4">act</marcx:subfield></marcx:datafield><marcx:datafield tag="720" ind1="0" ind2="0"><marcx:subfield code="o">Maggie Smith</marcx:subfield><marcx:subfield code="4">act</marcx:subfield></marcx:datafield><marcx:datafield tag="720" ind1="0" ind2="0"><marcx:subfield code="o">Tom Cullen</marcx:subfield><marcx:subfield code="4">act</marcx:subfield></marcx:datafield><marcx:datafield tag="720" ind1="0" ind2="0"><marcx:subfield code="o">Kevin Doyle</marcx:subfield><marcx:subfield code="4">act</marcx:subfield></marcx:datafield><marcx:datafield tag="996" ind1="0" ind2="0"><marcx:subfield code="a">DBC</marcx:subfield></marcx:datafield></marcx:record>