
<record xsi:schemaLocation="http://www.loc.gov/standards/iso25577/marcxchange-1-1.xsd" xmlns="info:lc/xmlns/marcxchange-v1" xmlns:xsi="http://www.w3.org/2001/XMLSchema-instance"><leader>00000n    2200000   4500</leader><datafield tag="001" ind1="0" ind2="0"><subfield code="a">51909275</subfield><subfield code="b">191919</subfield><subfield code="c">20151012131114</subfield><subfield code="d">20150827</subfield><subfield code="f">a</subfield></datafield><datafield tag="002" ind1="0" ind2="0"><subfield code="a">51915674</subfield></datafield><datafield tag="004" ind1="0" ind2="0"><subfield code="r">n</subfield><subfield code="a">e</subfield></datafield><datafield tag="008" ind1="0" ind2="0"><subfield code="t">s</subfield><subfield code="u">f</subfield><subfield code="a">2015</subfield><subfield code="b">dk</subfield><subfield code="d">x</subfield><subfield code="j">j</subfield><subfield code="l">dan</subfield><subfield code="n">b</subfield><subfield code="v">0</subfield><subfield code="w">1</subfield></datafield><datafield tag="009" ind1="0" ind2="0"><subfield code="a">a</subfield><subfield code="g">xe</subfield></datafield><datafield tag="021" ind1="0" ind2="0"><subfield code="e">9788770705097</subfield></datafield><datafield tag="032" ind1="0" ind2="0"><subfield code="x">ACC201535</subfield><subfield code="x">ERE201538</subfield><subfield code="a">DBF201538</subfield><subfield code="x">BKM201538</subfield><subfield code="x">DAT201543</subfield></datafield><datafield tag="100" ind1="0" ind2="0"><subfield code="a">Lyneborg</subfield><subfield code="h">Elisabeth</subfield><subfield code="4">aut</subfield></datafield><datafield tag="245" ind1="0" ind2="0"><subfield code="a">Skyggeland</subfield><subfield code="c">spøgelseshistorier for voksne</subfield></datafield><datafield tag="260" ind1="0" ind2="0"><subfield code="b">Hovedland</subfield><subfield code="g">[sælges på internettet]</subfield><subfield code="c">2015</subfield></datafield><datafield tag="504" ind1="0" ind2="0"><subfield code="&amp;">1</subfield><subfield code="a">Mystik og spøgelser - venlige, beskyttende eller ondskabsfulde - befolker disse noveller, der finder sted alle vegne og i flere tidsaldre</subfield></datafield><datafield tag="512" ind1="0" ind2="0"><subfield code="a">Downloades i EPUB-format</subfield></datafield><datafield tag="520" ind1="0" ind2="0"><subfield code="&amp;">1</subfield><subfield code="a">Originaludgave: 2001</subfield></datafield><datafield tag="530" ind1="0" ind2="0"><subfield code="&amp;">1</subfield><subfield code="i">Indhold</subfield><subfield code="t">Gravstenen</subfield><subfield code="t">Min kæreste ven</subfield><subfield code="t">Jul i præstegården</subfield><subfield code="t">Icifækturen!</subfield><subfield code="t">Liget i krypten</subfield><subfield code="t">Digebrud</subfield><subfield code="t">Drengene fra Linz</subfield><subfield code="t">Fotografiet</subfield><subfield code="t">Nissen</subfield></datafield><datafield tag="652" ind1="0" ind2="0"><subfield code="n">86</subfield><subfield code="z">06</subfield></datafield><datafield tag="652" ind1="0" ind2="0"><subfield code="o">sk</subfield></datafield><datafield tag="666" ind1="0" ind2="0"><subfield code="0"></subfield><subfield code="s">spøgelser</subfield></datafield><datafield tag="666" ind1="0" ind2="0"><subfield code="0"></subfield><subfield code="s">mystik</subfield></datafield><datafield tag="856" ind1="0" ind2="0"><subfield code="z">Adgang til lån hos eReolen.dk</subfield><subfield code="u">https://ereolen.dk/ting/object/870970-basis:51909275</subfield></datafield><datafield tag="990" ind1="0" ind2="0"><subfield code="o">201538</subfield><subfield code="b">v</subfield><subfield code="u">nt</subfield></datafield><datafield tag="996" ind1="0" ind2="0"><subfield code="a">DBC</subfield></datafield></record>