
<record xsi:schemaLocation="http://www.loc.gov/standards/iso25577/marcxchange-1-1.xsd" xmlns="info:lc/xmlns/marcxchange-v1" xmlns:xsi="http://www.w3.org/2001/XMLSchema-instance"><leader>00000n    2200000   4500</leader><datafield tag="001" ind1="0" ind2="0"><subfield code="a">51909283</subfield><subfield code="b">191919</subfield><subfield code="c">20150902181538</subfield><subfield code="d">20150827</subfield><subfield code="f">a</subfield></datafield><datafield tag="004" ind1="0" ind2="0"><subfield code="r">n</subfield><subfield code="a">e</subfield></datafield><datafield tag="008" ind1="0" ind2="0"><subfield code="t">m</subfield><subfield code="u">f</subfield><subfield code="a">2015</subfield><subfield code="b">dk</subfield><subfield code="d">x</subfield><subfield code="j">f</subfield><subfield code="l">dan</subfield><subfield code="n">b</subfield><subfield code="v">5</subfield><subfield code="w">1</subfield></datafield><datafield tag="009" ind1="0" ind2="0"><subfield code="a">a</subfield><subfield code="g">xe</subfield></datafield><datafield tag="021" ind1="0" ind2="0"><subfield code="e">9788771297836</subfield></datafield><datafield tag="032" ind1="0" ind2="0"><subfield code="a">DBF201537</subfield><subfield code="x">BKM201537</subfield><subfield code="x">ACC201535</subfield><subfield code="x">ERE201537</subfield></datafield><datafield tag="041" ind1="0" ind2="0"><subfield code="a">dan</subfield><subfield code="c">eng</subfield></datafield><datafield tag="100" ind1="0" ind2="0"><subfield code="a">Taylor</subfield><subfield code="h">Andrew</subfield><subfield code="c">f. 1951</subfield><subfield code="4">aut</subfield></datafield><datafield tag="241" ind1="0" ind2="0"><subfield code="a">Bleeding Heart Square</subfield></datafield><datafield tag="245" ind1="0" ind2="0"><subfield code="a">Miss Penhows blødende hjerte</subfield></datafield><datafield tag="250" ind1="0" ind2="0"><subfield code="a">1. elektroniske udgave</subfield><subfield code="b">÷</subfield></datafield><datafield tag="260" ind1="0" ind2="0"><subfield code="b">Klim</subfield><subfield code="g">[sælges på internettet]</subfield><subfield code="c">2015</subfield></datafield><datafield tag="300" ind1="0" ind2="0"><subfield code="a">413 sider</subfield></datafield><datafield tag="504" ind1="0" ind2="0"><subfield code="&amp;">1</subfield><subfield code="a">Da Lady Langstone forlader sin voldelige mand og flytter ind i beskedne kår hos sin fordrukne far, kommer hun samtidig ind i et mysterium om bl.a. en forsvunden pebermø</subfield></datafield><datafield tag="512" ind1="0" ind2="0"><subfield code="a">Downloades i EPUB-format</subfield></datafield><datafield tag="512" ind1="0" ind2="0"><subfield code="a">Beskrivelsen baseret på det fysiske forlæg</subfield></datafield><datafield tag="652" ind1="0" ind2="0"><subfield code="n">83</subfield><subfield code="z">26</subfield></datafield><datafield tag="652" ind1="0" ind2="0"><subfield code="o">sk</subfield></datafield><datafield tag="666" ind1="0" ind2="0"><subfield code="0"></subfield><subfield code="s">spændende bøger</subfield></datafield><datafield tag="666" ind1="0" ind2="0"><subfield code="0"></subfield><subfield code="s">kvinder</subfield></datafield><datafield tag="666" ind1="0" ind2="0"><subfield code="0"></subfield><subfield code="s">bedragere</subfield></datafield><datafield tag="666" ind1="0" ind2="0"><subfield code="0"></subfield><subfield code="s">kærlighed</subfield></datafield><datafield tag="666" ind1="0" ind2="0"><subfield code="0"></subfield><subfield code="s">politik</subfield></datafield><datafield tag="666" ind1="0" ind2="0"><subfield code="0"></subfield><subfield code="q">England</subfield></datafield><datafield tag="666" ind1="0" ind2="0"><subfield code="0"></subfield><subfield code="q">London</subfield></datafield><datafield tag="666" ind1="0" ind2="0"><subfield code="0"></subfield><subfield code="i">1930-1939</subfield></datafield><datafield tag="720" ind1="0" ind2="0"><subfield code="o">Ib Poulsen</subfield><subfield code="4">trl</subfield></datafield><datafield tag="856" ind1="0" ind2="0"><subfield code="z">Adgang til lån hos eReolen.dk</subfield><subfield code="u">https://ereolen.dk/ting/object/870970-basis:51909283</subfield></datafield><datafield tag="990" ind1="0" ind2="0"><subfield code="o">201537</subfield><subfield code="b">v</subfield><subfield code="u">nt</subfield></datafield><datafield tag="996" ind1="0" ind2="0"><subfield code="a">DBC</subfield></datafield></record>