
<marcx:record format="danMARC2" type="Bibliographic" xmlns:marcx="info:lc/xmlns/marcxchange-v1"><marcx:leader>00000n    2200000   4500</marcx:leader><marcx:datafield tag="001" ind1="0" ind2="0"><marcx:subfield code="a">25798813</marcx:subfield><marcx:subfield code="b">191919</marcx:subfield><marcx:subfield code="c">20050617110702</marcx:subfield><marcx:subfield code="d">20050617</marcx:subfield><marcx:subfield code="f">a</marcx:subfield></marcx:datafield><marcx:datafield tag="004" ind1="0" ind2="0"><marcx:subfield code="r">n</marcx:subfield><marcx:subfield code="a">e</marcx:subfield></marcx:datafield><marcx:datafield tag="008" ind1="0" ind2="0"><marcx:subfield code="t">m</marcx:subfield><marcx:subfield code="u">f</marcx:subfield><marcx:subfield code="a">200?</marcx:subfield><marcx:subfield code="b">eg</marcx:subfield><marcx:subfield code="l">ara</marcx:subfield><marcx:subfield code="v">0</marcx:subfield></marcx:datafield><marcx:datafield tag="009" ind1="0" ind2="0"><marcx:subfield code="a">m</marcx:subfield><marcx:subfield code="g">th</marcx:subfield></marcx:datafield><marcx:datafield tag="245" ind1="0" ind2="0"><marcx:subfield code="a">Baḥibbak ... wa-anā kamān</marcx:subfield><marcx:subfield code="e">af: Riḍā Zāyid</marcx:subfield><marcx:subfield code="e">manuskript: Ayman Bahjat Qamar</marcx:subfield><marcx:subfield code="e">instruktør: Muḥammad al-Najjār</marcx:subfield><marcx:subfield code="e">musik: KhālidḤamād</marcx:subfield><marcx:subfield code="f">fotograf: Muḥsin Aḥmad</marcx:subfield></marcx:datafield><marcx:datafield tag="300" ind1="0" ind2="0"><marcx:subfield code="n">2 dvd-video</marcx:subfield><marcx:subfield code="l">120 min.</marcx:subfield></marcx:datafield><marcx:datafield tag="504" ind1="0" ind2="0"><marcx:subfield code="a">Egyptisk spillefilm med den egyptiske sanger Mustafa Qamar i hovedrollen</marcx:subfield></marcx:datafield><marcx:datafield tag="508" ind1="0" ind2="0"><marcx:subfield code="a">Arabisk tale</marcx:subfield></marcx:datafield><marcx:datafield tag="512" ind1="0" ind2="0"><marcx:subfield code="i">Medvirkende</marcx:subfield><marcx:subfield code="e">Muṣṭafā Qamar, Sumayyā Khashshāb, Muḥammad Luṭfı̄, Fatḥı̄ ʻAbd al-Wahāb, Luṭfı̄ Labı̄b, Iynās al-Najjār, Khayrı̄yah Aḥmad, Rāmı̄ Samı̄r Waḥı̄d, Rı̄mūnā, ʻAmrū Muṣṭafā, Yiḥyā al-Mawjı̄, Khālid al-Ghandūr, Hishām Ḥanafı̄, A5phmad al-Sayyid ... et al.</marcx:subfield></marcx:datafield><marcx:datafield tag="652" ind1="0" ind2="0"><marcx:subfield code="m">77.7</marcx:subfield></marcx:datafield><marcx:datafield tag="700" ind1="0" ind2="0"><marcx:subfield code="a">Zāyid</marcx:subfield><marcx:subfield code="h">Riḍā</marcx:subfield></marcx:datafield><marcx:datafield tag="700" ind1="0" ind2="0"><marcx:subfield code="a">Qamar</marcx:subfield><marcx:subfield code="h">Ayman Bahjat</marcx:subfield></marcx:datafield><marcx:datafield tag="700" ind1="0" ind2="0"><marcx:subfield code="a">al-¤Najjār</marcx:subfield><marcx:subfield code="h">Muḥammad</marcx:subfield></marcx:datafield><marcx:datafield tag="700" ind1="0" ind2="0"><marcx:subfield code="a">Ḥamād</marcx:subfield><marcx:subfield code="h">Khālid</marcx:subfield></marcx:datafield><marcx:datafield tag="996" ind1="0" ind2="0"><marcx:subfield code="a">700300</marcx:subfield></marcx:datafield></marcx:record>