
<record xsi:schemaLocation="http://www.loc.gov/standards/iso25577/marcxchange-1-1.xsd" xmlns="info:lc/xmlns/marcxchange-v1" xmlns:xsi="http://www.w3.org/2001/XMLSchema-instance"><leader>00000n    2200000   4500</leader><datafield tag="001" ind1="0" ind2="0"><subfield code="a">51911180</subfield><subfield code="b">191919</subfield><subfield code="c">20150827133908</subfield><subfield code="d">20150827</subfield><subfield code="f">a</subfield></datafield><datafield tag="004" ind1="0" ind2="0"><subfield code="r">n</subfield><subfield code="a">e</subfield></datafield><datafield tag="008" ind1="0" ind2="0"><subfield code="t">m</subfield><subfield code="v">7</subfield></datafield><datafield tag="009" ind1="0" ind2="0"><subfield code="a">a</subfield><subfield code="g">xx</subfield></datafield><datafield tag="021" ind1="0" ind2="0"><subfield code="e">9788717044968</subfield><subfield code="c">ib.</subfield></datafield><datafield tag="032" ind1="0" ind2="0"><subfield code="x">ACC201535</subfield></datafield><datafield tag="245" ind1="0" ind2="0"><subfield code="a">Kalender 2016</subfield></datafield><datafield tag="260" ind1="0" ind2="0"><subfield code="b">Haveselskabet</subfield></datafield><datafield tag="300" ind1="0" ind2="0"><subfield code="a">sider</subfield></datafield><datafield tag="652" ind1="0" ind2="0"><subfield code="m">NY TITEL</subfield></datafield><datafield tag="996" ind1="0" ind2="0"><subfield code="a">DBC</subfield></datafield></record>