
<marcx:record format="danMARC2" type="Bibliographic" xmlns:marcx="info:lc/xmlns/marcxchange-v1"><marcx:leader>00000n    2200000   4500</marcx:leader><marcx:datafield tag="001" ind1="0" ind2="0"><marcx:subfield code="a">23791854</marcx:subfield><marcx:subfield code="b">191919</marcx:subfield><marcx:subfield code="c">20020307233808</marcx:subfield><marcx:subfield code="d">20011119</marcx:subfield><marcx:subfield code="f">a</marcx:subfield></marcx:datafield><marcx:datafield tag="004" ind1="0" ind2="0"><marcx:subfield code="r">n</marcx:subfield><marcx:subfield code="a">e</marcx:subfield></marcx:datafield><marcx:datafield tag="008" ind1="0" ind2="0"><marcx:subfield code="t">m</marcx:subfield><marcx:subfield code="u">f</marcx:subfield><marcx:subfield code="a">2001</marcx:subfield><marcx:subfield code="b">dk</marcx:subfield><marcx:subfield code="d">å</marcx:subfield><marcx:subfield code="l">dan</marcx:subfield><marcx:subfield code="o">b</marcx:subfield><marcx:subfield code="v">0</marcx:subfield></marcx:datafield><marcx:datafield tag="009" ind1="0" ind2="0"><marcx:subfield code="a">a</marcx:subfield><marcx:subfield code="g">xx</marcx:subfield></marcx:datafield><marcx:datafield tag="021" ind1="0" ind2="0"><marcx:subfield code="c">Hf.</marcx:subfield><marcx:subfield code="d">kr. 59,50</marcx:subfield></marcx:datafield><marcx:datafield tag="032" ind1="0" ind2="0"><marcx:subfield code="a">DBF200151</marcx:subfield><marcx:subfield code="x">BØK200101</marcx:subfield><marcx:subfield code="x">SKO200204</marcx:subfield><marcx:subfield code="x">SFD200151</marcx:subfield><marcx:subfield code="x">ACC200147</marcx:subfield><marcx:subfield code="x">DAT200202</marcx:subfield></marcx:datafield><marcx:datafield tag="038" ind1="0" ind2="0"><marcx:subfield code="a">te</marcx:subfield></marcx:datafield><marcx:datafield tag="041" ind1="0" ind2="0"><marcx:subfield code="a">dan</marcx:subfield><marcx:subfield code="c">fre</marcx:subfield></marcx:datafield><marcx:datafield tag="100" ind1="0" ind2="0"><marcx:subfield code="0"/><marcx:subfield code="a">Morris</marcx:subfield></marcx:datafield><marcx:datafield tag="241" ind1="0" ind2="0"><marcx:subfield code="a">Sous le ciel de l'ouest</marcx:subfield></marcx:datafield><marcx:datafield tag="245" ind1="0" ind2="0"><marcx:subfield code="a">Revolver Joe - og andre historier!</marcx:subfield><marcx:subfield code="e">tekst og tegninger af Morris</marcx:subfield><marcx:subfield code="f">oversat af Niels Søndergꜳrd</marcx:subfield><marcx:subfield code="f">håndtekster: Helen Fenger</marcx:subfield><marcx:subfield code="f">redaktion: Michael G. Nielsen</marcx:subfield></marcx:datafield><marcx:datafield tag="260" ind1="0" ind2="0"><marcx:subfield code="&amp;">1</marcx:subfield><marcx:subfield code="a">[Kbh.]</marcx:subfield><marcx:subfield code="b">Egmont Serieforlaget</marcx:subfield><marcx:subfield code="c">2001</marcx:subfield><marcx:subfield code="k">tr. i udl.</marcx:subfield></marcx:datafield><marcx:datafield tag="300" ind1="0" ind2="0"><marcx:subfield code="a">47 sider</marcx:subfield><marcx:subfield code="b">alle ill. i farver</marcx:subfield><marcx:subfield code="c">29 cm</marcx:subfield></marcx:datafield><marcx:datafield tag="440" ind1="0" ind2="0"><marcx:subfield code="0"/><marcx:subfield code="a">Lucky Luke</marcx:subfield><marcx:subfield code="v">62</marcx:subfield></marcx:datafield><marcx:datafield tag="504" ind1="0" ind2="0"><marcx:subfield code="&amp;">1</marcx:subfield><marcx:subfield code="a">Tegneserie. Lucky Luke får afsløret en svindler i "Revolver Joe", fanget kvægtyve i "Round-up", og i "Den store kamp" bliver han boksepromotor for Battling Belden The Butcher</marcx:subfield></marcx:datafield><marcx:datafield tag="652" ind1="0" ind2="0"><marcx:subfield code="n">82</marcx:subfield><marcx:subfield code="z">298</marcx:subfield></marcx:datafield><marcx:datafield tag="652" ind1="0" ind2="0"><marcx:subfield code="o">sk</marcx:subfield></marcx:datafield><marcx:datafield tag="666" ind1="0" ind2="0"><marcx:subfield code="0"/><marcx:subfield code="s">westerns</marcx:subfield></marcx:datafield><marcx:datafield tag="990" ind1="0" ind2="0"><marcx:subfield code="a">SFD</marcx:subfield><marcx:subfield code="o">200151</marcx:subfield><marcx:subfield code="b">S</marcx:subfield><marcx:subfield code="b">B</marcx:subfield><marcx:subfield code="c">A</marcx:subfield></marcx:datafield><marcx:datafield tag="996" ind1="0" ind2="0"><marcx:subfield code="a">DBC</marcx:subfield></marcx:datafield></marcx:record>