
<marcx:record format="danMARC2" type="Bibliographic" xmlns:marcx="info:lc/xmlns/marcxchange-v1"><marcx:leader>00000n    2200000   4500</marcx:leader><marcx:datafield tag="001" ind1="0" ind2="0"><marcx:subfield code="a">22369539</marcx:subfield><marcx:subfield code="b">191919</marcx:subfield><marcx:subfield code="c">20000514233954</marcx:subfield><marcx:subfield code="d">19990211</marcx:subfield><marcx:subfield code="f">a</marcx:subfield></marcx:datafield><marcx:datafield tag="004" ind1="0" ind2="0"><marcx:subfield code="r">n</marcx:subfield><marcx:subfield code="a">e</marcx:subfield></marcx:datafield><marcx:datafield tag="005" ind1="0" ind2="0"><marcx:subfield code="h">e</marcx:subfield></marcx:datafield><marcx:datafield tag="008" ind1="0" ind2="0"><marcx:subfield code="t">s</marcx:subfield><marcx:subfield code="u">f</marcx:subfield><marcx:subfield code="a">1999</marcx:subfield><marcx:subfield code="b">se</marcx:subfield><marcx:subfield code="l">kur</marcx:subfield><marcx:subfield code="v">0</marcx:subfield></marcx:datafield><marcx:datafield tag="009" ind1="0" ind2="0"><marcx:subfield code="a">s</marcx:subfield><marcx:subfield code="g">xc</marcx:subfield></marcx:datafield><marcx:datafield tag="020" ind1="0" ind2="0"><marcx:subfield code="a">dk</marcx:subfield></marcx:datafield><marcx:datafield tag="021" ind1="0" ind2="0"><marcx:subfield code="d">kr. 189,00</marcx:subfield></marcx:datafield><marcx:datafield tag="032" ind1="0" ind2="0"><marcx:subfield code="a">DMO199908</marcx:subfield><marcx:subfield code="x">SFG199908</marcx:subfield><marcx:subfield code="x">DAT200021</marcx:subfield></marcx:datafield><marcx:datafield tag="039" ind1="0" ind2="0"><marcx:subfield code="a">fol</marcx:subfield><marcx:subfield code="b">iq</marcx:subfield></marcx:datafield><marcx:datafield tag="100" ind1="0" ind2="0"><marcx:subfield code="a">Nazê</marcx:subfield></marcx:datafield><marcx:datafield tag="245" ind1="0" ind2="0"><marcx:subfield code="a">Kurdistan - the forgotten world</marcx:subfield><marcx:subfield code="c">traditional music from Kurdistan</marcx:subfield><marcx:subfield code="j">Nazé, Newroz &amp; Oriental Mood (Claus Mathiesen, Frank Juul, Niels Lichtenberg, Marco Spallanzani, Lars Bo Kujahn, Yasar Tas) ... [et al.]</marcx:subfield><marcx:subfield code="i">Nazé Botan: vokal</marcx:subfield><marcx:subfield code="i">Newroz Botan: vokal</marcx:subfield><marcx:subfield code="i">Oriental Mood (Claus Mathiesen: saxofon, klarinet, fløjte, bz. horn ; Yasar Tas: saz, surna, ud ; Lars Bo Kujahn: trommer, tabla, def, ganun ; Frank Juul: indisk tabla, slagtøj, def, doholla ; Niels Lichtenberg: bas ; Marco Spallanzani, guitar, mandolin, saz)</marcx:subfield><marcx:subfield code="i">kor: Claus Mathiesen, Niyaz, Lars Bo Kujahn, Shêrko, Hawrê, Sirwsht</marcx:subfield><marcx:subfield code="i">mixed &amp; mastered by: Peter Forsberg</marcx:subfield></marcx:datafield><marcx:datafield tag="260" ind1="0" ind2="0"><marcx:subfield code="a">Hasselby</marcx:subfield><marcx:subfield code="b">Stran Music</marcx:subfield><marcx:subfield code="c">[1999]</marcx:subfield></marcx:datafield><marcx:datafield tag="300" ind1="0" ind2="0"><marcx:subfield code="n">1 cd</marcx:subfield></marcx:datafield><marcx:datafield tag="504" ind1="0" ind2="0"><marcx:subfield code="a">Folkemusik fra Kurdistan (Tyrkiet, Syrien, Iran, Irak og Georgien) spillet på saz, ud, surna, tabla, def, doholla, saxofon, klarinet, guitar m.m.</marcx:subfield></marcx:datafield><marcx:datafield tag="512" ind1="0" ind2="0"><marcx:subfield code="a">Indspillet i København december 1998</marcx:subfield></marcx:datafield><marcx:datafield tag="531" ind1="0" ind2="0"><marcx:subfield code="a">Indhold:</marcx:subfield></marcx:datafield><marcx:datafield tag="538" ind1="0" ind2="0"><marcx:subfield code="f">Stran Music</marcx:subfield><marcx:subfield code="g">STRANCD 014-99</marcx:subfield></marcx:datafield><marcx:datafield tag="652" ind1="0" ind2="0"><marcx:subfield code="m">78.7815</marcx:subfield></marcx:datafield><marcx:datafield tag="666" ind1="0" ind2="0"><marcx:subfield code="0"/><marcx:subfield code="m">folkemusik</marcx:subfield><marcx:subfield code="m">arabisk musik</marcx:subfield><marcx:subfield code="n">vokal</marcx:subfield><marcx:subfield code="p">1990-1999</marcx:subfield><marcx:subfield code="l">Iran</marcx:subfield><marcx:subfield code="l">Tyrkiet</marcx:subfield><marcx:subfield code="l">Irak</marcx:subfield><marcx:subfield code="l">Syrien</marcx:subfield><marcx:subfield code="l">Georgien</marcx:subfield><marcx:subfield code="l">Kurdistan</marcx:subfield><marcx:subfield code="l">Danmark</marcx:subfield></marcx:datafield><marcx:datafield tag="700" ind1="0" ind2="0"><marcx:subfield code="a">Botan</marcx:subfield><marcx:subfield code="h">Newroz</marcx:subfield></marcx:datafield><marcx:datafield tag="700" ind1="0" ind2="0"><marcx:subfield code="a">Tas</marcx:subfield><marcx:subfield code="h">Yasar</marcx:subfield></marcx:datafield><marcx:datafield tag="700" ind1="0" ind2="0"><marcx:subfield code="a">Kujahn</marcx:subfield><marcx:subfield code="h">Lars Bo</marcx:subfield></marcx:datafield><marcx:datafield tag="700" ind1="0" ind2="0"><marcx:subfield code="a">Mathiesen</marcx:subfield><marcx:subfield code="h">Claus</marcx:subfield></marcx:datafield><marcx:datafield tag="700" ind1="0" ind2="0"><marcx:subfield code="a">Juul</marcx:subfield><marcx:subfield code="h">Frank</marcx:subfield></marcx:datafield><marcx:datafield tag="700" ind1="0" ind2="0"><marcx:subfield code="a">Lichtenberg</marcx:subfield><marcx:subfield code="h">Niels</marcx:subfield></marcx:datafield><marcx:datafield tag="700" ind1="0" ind2="0"><marcx:subfield code="a">Spallanzani</marcx:subfield><marcx:subfield code="h">Marco</marcx:subfield></marcx:datafield><marcx:datafield tag="700" ind1="0" ind2="0"><marcx:subfield code="a">Niyaz</marcx:subfield></marcx:datafield><marcx:datafield tag="700" ind1="0" ind2="0"><marcx:subfield code="a">Shêrko</marcx:subfield></marcx:datafield><marcx:datafield tag="700" ind1="0" ind2="0"><marcx:subfield code="a">Hawrê</marcx:subfield></marcx:datafield><marcx:datafield tag="700" ind1="0" ind2="0"><marcx:subfield code="a">Sirwsht</marcx:subfield></marcx:datafield><marcx:datafield tag="710" ind1="0" ind2="0"><marcx:subfield code="a">Oriental Mood</marcx:subfield></marcx:datafield><marcx:datafield tag="795" ind1="0" ind2="0"><marcx:subfield code="å">11</marcx:subfield><marcx:subfield code="a">Esmer xan</marcx:subfield><marcx:subfield code="i">berhevkar: Beşîr Botanî</marcx:subfield><marcx:subfield code="i">aranjor: Nazé û Xemgîn Ferec</marcx:subfield><marcx:subfield code="p">A ¤woman's name</marcx:subfield><marcx:subfield code="a">Min tu dîtbû</marcx:subfield><marcx:subfield code="p">I had seen you</marcx:subfield><marcx:subfield code="i">Berhevkar: Nazé</marcx:subfield><marcx:subfield code="i">aranjor: Nazé û Claus Mathiesen</marcx:subfield><marcx:subfield code="a">Xerîb</marcx:subfield><marcx:subfield code="p">Stranger</marcx:subfield><marcx:subfield code="i">tekst: Anonim &amp; Newroz Botan</marcx:subfield><marcx:subfield code="i">aranjor: Newroz û Claus Mathiesen</marcx:subfield><marcx:subfield code="a">Ez ya te me</marcx:subfield><marcx:subfield code="p">I am yours</marcx:subfield><marcx:subfield code="i">berhevkar: Beşîr Botanî</marcx:subfield><marcx:subfield code="i">aranjor: Nazé û Claus Mathiesen</marcx:subfield><marcx:subfield code="a">Diley neşewa</marcx:subfield><marcx:subfield code="p">A ¤non-listening (careless) heart</marcx:subfield><marcx:subfield code="i">aranjor: Nazé û Claus Mathiesen</marcx:subfield><marcx:subfield code="a">Yara min e</marcx:subfield><marcx:subfield code="p">She is my love</marcx:subfield><marcx:subfield code="i">berhevkar: Armî Tigran</marcx:subfield><marcx:subfield code="i">aranjor: Nazé &amp; Selah Rauf</marcx:subfield><marcx:subfield code="a">Tenke</marcx:subfield><marcx:subfield code="i">aranjor: L.B. Kujahn &amp; Newroz</marcx:subfield><marcx:subfield code="i">tekst: anonim &amp; Newroz</marcx:subfield><marcx:subfield code="a">Were, were</marcx:subfield><marcx:subfield code="p">Come, come</marcx:subfield><marcx:subfield code="i">tekst: Girîşayê Reza</marcx:subfield><marcx:subfield code="i">aranjor: Nazé &amp; Xemgîn Ferec</marcx:subfield><marcx:subfield code="a">Şîrînim</marcx:subfield><marcx:subfield code="u">My sweetheart</marcx:subfield><marcx:subfield code="i">aranjor: Claus Mathiesen &amp; Newroz Botan</marcx:subfield><marcx:subfield code="a">Ax lê lê Narînê</marcx:subfield><marcx:subfield code="p">Oh Narînê</marcx:subfield><marcx:subfield code="i">tekst: anonim &amp; Newroz Botan</marcx:subfield><marcx:subfield code="i">aranjor: Nazé &amp; Lars Bo Kujahan</marcx:subfield><marcx:subfield code="a">Caw mest</marcx:subfield><marcx:subfield code="p">Drunken eyes</marcx:subfield><marcx:subfield code="i">aranjor: C. Mathiesen</marcx:subfield><marcx:subfield code="a">Hey canê</marcx:subfield><marcx:subfield code="p">Hey, my soul</marcx:subfield><marcx:subfield code="i">tekst: M. Teyîp Bargiran</marcx:subfield><marcx:subfield code="i">aranjor: Nazé &amp; Claus Mathiesen</marcx:subfield><marcx:subfield code="a">Hêlbena</marcx:subfield><marcx:subfield code="p">Your moves</marcx:subfield><marcx:subfield code="i">tekst: Babê Roza</marcx:subfield><marcx:subfield code="i">aranjor: Nazé &amp; Claus Mathiesen</marcx:subfield></marcx:datafield><marcx:datafield tag="900" ind1="0" ind2="0"><marcx:subfield code="a">Botan</marcx:subfield><marcx:subfield code="h">Nazê</marcx:subfield><marcx:subfield code="z">100</marcx:subfield></marcx:datafield><marcx:datafield tag="990" ind1="0" ind2="0"><marcx:subfield code="a">SFG</marcx:subfield><marcx:subfield code="c">C</marcx:subfield><marcx:subfield code="o">199908</marcx:subfield><marcx:subfield code="t">12.03.99</marcx:subfield></marcx:datafield><marcx:datafield tag="996" ind1="0" ind2="0"><marcx:subfield code="a">DBC</marcx:subfield></marcx:datafield></marcx:record>