
<marcx:record format="danMARC2" type="Bibliographic" xmlns:marcx="info:lc/xmlns/marcxchange-v1"><marcx:leader>00000n    2200000   4500</marcx:leader><marcx:datafield tag="001" ind1="0" ind2="0"><marcx:subfield code="a">23791722</marcx:subfield><marcx:subfield code="b">191919</marcx:subfield><marcx:subfield code="c">20011127112939</marcx:subfield><marcx:subfield code="d">20011119</marcx:subfield><marcx:subfield code="f">a</marcx:subfield></marcx:datafield><marcx:datafield tag="004" ind1="0" ind2="0"><marcx:subfield code="r">n</marcx:subfield><marcx:subfield code="a">e</marcx:subfield></marcx:datafield><marcx:datafield tag="008" ind1="0" ind2="0"><marcx:subfield code="t">m</marcx:subfield><marcx:subfield code="u">f</marcx:subfield><marcx:subfield code="a">2001</marcx:subfield><marcx:subfield code="b">dk</marcx:subfield><marcx:subfield code="l">dan</marcx:subfield><marcx:subfield code="v">0</marcx:subfield></marcx:datafield><marcx:datafield tag="009" ind1="0" ind2="0"><marcx:subfield code="a">a</marcx:subfield><marcx:subfield code="g">xx</marcx:subfield></marcx:datafield><marcx:datafield tag="021" ind1="0" ind2="0"><marcx:subfield code="a">87-89347-14-5</marcx:subfield><marcx:subfield code="c">ib.</marcx:subfield><marcx:subfield code="d">kr. 148,00</marcx:subfield></marcx:datafield><marcx:datafield tag="032" ind1="0" ind2="0"><marcx:subfield code="x">ACC200147</marcx:subfield><marcx:subfield code="a">DBF200151</marcx:subfield></marcx:datafield><marcx:datafield tag="100" ind1="0" ind2="0"><marcx:subfield code="0"/><marcx:subfield code="a">Berner</marcx:subfield><marcx:subfield code="h">Ole</marcx:subfield></marcx:datafield><marcx:datafield tag="245" ind1="0" ind2="0"><marcx:subfield code="a">Alt lykkes i en VOSS-ovn</marcx:subfield><marcx:subfield code="c">en virksomhedsberetning fra omkring 50'erne da VOSS var "en blandet landhandel"</marcx:subfield><marcx:subfield code="e">Ole Berner</marcx:subfield><marcx:subfield code="f">bogens afsnit ... Jens Petersen ... Erik Holst</marcx:subfield></marcx:datafield><marcx:datafield tag="260" ind1="0" ind2="0"><marcx:subfield code="a">Fredericia</marcx:subfield><marcx:subfield code="b">Lokalhistorisk Forlag</marcx:subfield><marcx:subfield code="c">2001</marcx:subfield><marcx:subfield code="k">Nordgrafik</marcx:subfield></marcx:datafield><marcx:datafield tag="300" ind1="0" ind2="0"><marcx:subfield code="a">102 sider</marcx:subfield><marcx:subfield code="b">ill.</marcx:subfield><marcx:subfield code="c">28 cm</marcx:subfield></marcx:datafield><marcx:datafield tag="652" ind1="0" ind2="0"><marcx:subfield code="m">64.108</marcx:subfield></marcx:datafield><marcx:datafield tag="996" ind1="0" ind2="0"><marcx:subfield code="a">DBC</marcx:subfield></marcx:datafield></marcx:record>