
<marcx:record format="danMARC2" type="Bibliographic" xmlns:marcx="info:lc/xmlns/marcxchange-v1"><marcx:leader>00000n    2200000   4500</marcx:leader><marcx:datafield tag="001" ind1="0" ind2="0"><marcx:subfield code="a">22371479</marcx:subfield><marcx:subfield code="b">191919</marcx:subfield><marcx:subfield code="c">20000514232513</marcx:subfield><marcx:subfield code="d">19990216</marcx:subfield><marcx:subfield code="f">a</marcx:subfield></marcx:datafield><marcx:datafield tag="004" ind1="0" ind2="0"><marcx:subfield code="r">n</marcx:subfield><marcx:subfield code="a">e</marcx:subfield></marcx:datafield><marcx:datafield tag="008" ind1="0" ind2="0"><marcx:subfield code="t">s</marcx:subfield><marcx:subfield code="u">f</marcx:subfield><marcx:subfield code="a">1999</marcx:subfield><marcx:subfield code="b">fr</marcx:subfield><marcx:subfield code="v">0</marcx:subfield></marcx:datafield><marcx:datafield tag="009" ind1="0" ind2="0"><marcx:subfield code="a">s</marcx:subfield><marcx:subfield code="g">xc</marcx:subfield></marcx:datafield><marcx:datafield tag="021" ind1="0" ind2="0"><marcx:subfield code="d">kr. 139,00</marcx:subfield></marcx:datafield><marcx:datafield tag="032" ind1="0" ind2="0"><marcx:subfield code="x">SFG199909</marcx:subfield><marcx:subfield code="x">DAT199910</marcx:subfield><marcx:subfield code="x">DAT200021</marcx:subfield></marcx:datafield><marcx:datafield tag="039" ind1="0" ind2="0"><marcx:subfield code="a">ork</marcx:subfield></marcx:datafield><marcx:datafield tag="100" ind1="0" ind2="0"><marcx:subfield code="a">Stravinskij</marcx:subfield><marcx:subfield code="h">Igor</marcx:subfield></marcx:datafield><marcx:datafield tag="239" ind1="0" ind2="0"><marcx:subfield code="t">Petrusjka, 1947</marcx:subfield><marcx:subfield code="ø">Nagano</marcx:subfield></marcx:datafield><marcx:datafield tag="245" ind1="0" ind2="0"><marcx:subfield code="a">Petrushka</marcx:subfield><marcx:subfield code="e">Stravinsky</marcx:subfield></marcx:datafield><marcx:datafield tag="260" ind1="0" ind2="0"><marcx:subfield code="a">Paris</marcx:subfield><marcx:subfield code="b">Erato</marcx:subfield><marcx:subfield code="c">p 1998</marcx:subfield></marcx:datafield><marcx:datafield tag="300" ind1="0" ind2="0"><marcx:subfield code="n">1 cd</marcx:subfield><marcx:subfield code="b">digitaloptagelse</marcx:subfield></marcx:datafield><marcx:datafield tag="512" ind1="0" ind2="0"><marcx:subfield code="a">Indspillet i Watford, England 1997</marcx:subfield></marcx:datafield><marcx:datafield tag="513" ind1="0" ind2="0"><marcx:subfield code="e">London Symphony Orchestra</marcx:subfield><marcx:subfield code="e">dirigent: Kent Nagano</marcx:subfield></marcx:datafield><marcx:datafield tag="531" ind1="0" ind2="0"><marcx:subfield code="a">Indeholder også:</marcx:subfield></marcx:datafield><marcx:datafield tag="538" ind1="0" ind2="0"><marcx:subfield code="f">Erato</marcx:subfield><marcx:subfield code="g">3984-23142-2</marcx:subfield></marcx:datafield><marcx:datafield tag="652" ind1="0" ind2="0"><marcx:subfield code="m">78.89</marcx:subfield></marcx:datafield><marcx:datafield tag="652" ind1="0" ind2="0"><marcx:subfield code="å">11</marcx:subfield><marcx:subfield code="i">78.89</marcx:subfield></marcx:datafield><marcx:datafield tag="666" ind1="0" ind2="0"><marcx:subfield code="0"/><marcx:subfield code="m">neoklassik</marcx:subfield><marcx:subfield code="m">balletmusik</marcx:subfield><marcx:subfield code="n">instrumental</marcx:subfield><marcx:subfield code="n">orkester</marcx:subfield><marcx:subfield code="p">1910-1919</marcx:subfield><marcx:subfield code="p">1940-1949</marcx:subfield><marcx:subfield code="l">Rusland</marcx:subfield></marcx:datafield><marcx:datafield tag="666" ind1="0" ind2="0"><marcx:subfield code="0"/><marcx:subfield code="å">11</marcx:subfield><marcx:subfield code="m">neoklassik</marcx:subfield><marcx:subfield code="m">ekspressionisme</marcx:subfield><marcx:subfield code="m">balletmusik</marcx:subfield><marcx:subfield code="n">instrumental</marcx:subfield><marcx:subfield code="n">orkester</marcx:subfield><marcx:subfield code="p">1910-1919</marcx:subfield><marcx:subfield code="p">1930-1939</marcx:subfield><marcx:subfield code="l">Ungarn</marcx:subfield></marcx:datafield><marcx:datafield tag="770" ind1="0" ind2="0"><marcx:subfield code="å">11</marcx:subfield><marcx:subfield code="a">Bartók</marcx:subfield><marcx:subfield code="h">Béla</marcx:subfield></marcx:datafield><marcx:datafield tag="795" ind1="0" ind2="0"><marcx:subfield code="å">11</marcx:subfield><marcx:subfield code="a">Den ¤forunderlige mandarin</marcx:subfield></marcx:datafield><marcx:datafield tag="990" ind1="0" ind2="0"><marcx:subfield code="a">SFG</marcx:subfield><marcx:subfield code="c">C</marcx:subfield><marcx:subfield code="o">199909</marcx:subfield><marcx:subfield code="t">19.03.99</marcx:subfield></marcx:datafield><marcx:datafield tag="991" ind1="0" ind2="0"><marcx:subfield code="o">\(Classic CD 1999:jan)\</marcx:subfield></marcx:datafield><marcx:datafield tag="996" ind1="0" ind2="0"><marcx:subfield code="a">DBC</marcx:subfield></marcx:datafield></marcx:record>