
<record xsi:schemaLocation="http://www.loc.gov/standards/iso25577/marcxchange-1-1.xsd" xmlns="info:lc/xmlns/marcxchange-v1" xmlns:xsi="http://www.w3.org/2001/XMLSchema-instance"><leader>00000n    2200000   4500</leader><datafield tag="001" ind1="0" ind2="0"><subfield code="a">51911202</subfield><subfield code="b">191919</subfield><subfield code="c">20150827135046</subfield><subfield code="d">20150827</subfield><subfield code="f">a</subfield></datafield><datafield tag="004" ind1="0" ind2="0"><subfield code="r">n</subfield><subfield code="a">e</subfield></datafield><datafield tag="008" ind1="0" ind2="0"><subfield code="t">m</subfield><subfield code="u">f</subfield><subfield code="a">2015</subfield><subfield code="b">dk</subfield><subfield code="l">dan</subfield><subfield code="v">4</subfield></datafield><datafield tag="009" ind1="0" ind2="0"><subfield code="a">v</subfield><subfield code="g">wt</subfield></datafield><datafield tag="245" ind1="0" ind2="0"><subfield code="a">Underart</subfield><subfield code="e">ide og instruktion: Olle Strandberg</subfield><subfield code="e">Cirkus Cirkör</subfield><subfield code="e">Østre Gasværk</subfield></datafield><datafield tag="260" ind1="0" ind2="0"><subfield code="a">København</subfield><subfield code="b">Østre Gasværk Teater</subfield><subfield code="c">2015</subfield></datafield><datafield tag="504" ind1="0" ind2="0"><subfield code="a">Gæstespil. - Nycirkus</subfield></datafield><datafield tag="652" ind1="0" ind2="0"><subfield code="m">Uden klassemærke</subfield></datafield><datafield tag="700" ind1="0" ind2="0"><subfield code="a">Strandberg</subfield><subfield code="h">Olle</subfield></datafield><datafield tag="710" ind1="0" ind2="0"><subfield code="a">Cirkus Cirkör</subfield></datafield><datafield tag="710" ind1="0" ind2="0"><subfield code="a">Østre Gasværk</subfield></datafield><datafield tag="996" ind1="0" ind2="0"><subfield code="a">RET</subfield></datafield></record>