
<marcx:record format="danMARC2" type="Bibliographic" xmlns:marcx="info:lc/xmlns/marcxchange-v1"><marcx:leader>00000n    2200000   4500</marcx:leader><marcx:datafield tag="001" ind1="0" ind2="0"><marcx:subfield code="a">22372262</marcx:subfield><marcx:subfield code="b">191919</marcx:subfield><marcx:subfield code="c">19990219151857</marcx:subfield><marcx:subfield code="d">19990216</marcx:subfield><marcx:subfield code="f">a</marcx:subfield></marcx:datafield><marcx:datafield tag="004" ind1="0" ind2="0"><marcx:subfield code="r">n</marcx:subfield><marcx:subfield code="a">e</marcx:subfield></marcx:datafield><marcx:datafield tag="008" ind1="0" ind2="0"><marcx:subfield code="t">m</marcx:subfield><marcx:subfield code="u">u</marcx:subfield><marcx:subfield code="a">1997</marcx:subfield><marcx:subfield code="b">dk</marcx:subfield><marcx:subfield code="e">1</marcx:subfield><marcx:subfield code="l">dan</marcx:subfield><marcx:subfield code="v">0</marcx:subfield></marcx:datafield><marcx:datafield tag="009" ind1="0" ind2="0"><marcx:subfield code="a">a</marcx:subfield><marcx:subfield code="g">xx</marcx:subfield></marcx:datafield><marcx:datafield tag="017" ind1="0" ind2="0"><marcx:subfield code="a">20859229</marcx:subfield></marcx:datafield><marcx:datafield tag="021" ind1="0" ind2="0"><marcx:subfield code="a">87-601-3122-5</marcx:subfield><marcx:subfield code="c">hf.</marcx:subfield><marcx:subfield code="d">pris ikke oplyst</marcx:subfield></marcx:datafield><marcx:datafield tag="032" ind1="0" ind2="0"><marcx:subfield code="a">DBF199910</marcx:subfield></marcx:datafield><marcx:datafield tag="245" ind1="0" ind2="0"><marcx:subfield code="a">Cirkulære om mikrobiologiske undersøgelser af levnedsmidler</marcx:subfield></marcx:datafield><marcx:datafield tag="250" ind1="0" ind2="0"><marcx:subfield code="a">3. reviderede udgave</marcx:subfield><marcx:subfield code="x">1. oplag</marcx:subfield><marcx:subfield code="b">3. udgave</marcx:subfield></marcx:datafield><marcx:datafield tag="260" ind1="0" ind2="0"><marcx:subfield code="&amp;">1</marcx:subfield><marcx:subfield code="a">[Frederiksberg]</marcx:subfield><marcx:subfield code="b">Ministeriet for Fødevarer, Landbrug og Fiskeri, Veterinær- og Fødevaredirektoratet</marcx:subfield><marcx:subfield code="f">[Haslev]</marcx:subfield><marcx:subfield code="g">[eksp. Nordisk Bog Center]</marcx:subfield><marcx:subfield code="c">1997</marcx:subfield><marcx:subfield code="k">Quickly Tryk, Rex</marcx:subfield></marcx:datafield><marcx:datafield tag="300" ind1="0" ind2="0"><marcx:subfield code="a">70 sider</marcx:subfield><marcx:subfield code="b">ill.</marcx:subfield></marcx:datafield><marcx:datafield tag="520" ind1="0" ind2="0"><marcx:subfield code="a">Tidligere: 2. udgave. Søborg : Levnedsmiddelstyrelsen, 1996. 69 sider</marcx:subfield></marcx:datafield><marcx:datafield tag="652" ind1="0" ind2="0"><marcx:subfield code="m">61.45</marcx:subfield></marcx:datafield><marcx:datafield tag="710" ind1="0" ind2="0"><marcx:subfield code="c">Veterinær- og Fødevaredirektoratet</marcx:subfield></marcx:datafield><marcx:datafield tag="910" ind1="0" ind2="0"><marcx:subfield code="å">1</marcx:subfield><marcx:subfield code="c">Ministeriet for Fødevarer, Landbrug og Fiskeri</marcx:subfield><marcx:subfield code="c">Veterinær- og Fødevaredirektoratet</marcx:subfield><marcx:subfield code="z">710</marcx:subfield></marcx:datafield><marcx:datafield tag="910" ind1="0" ind2="0"><marcx:subfield code="c">Fødevareministeriet</marcx:subfield><marcx:subfield code="z">910/1(c1)</marcx:subfield></marcx:datafield><marcx:datafield tag="996" ind1="0" ind2="0"><marcx:subfield code="a">DBC</marcx:subfield></marcx:datafield></marcx:record>