
<marcx:record format="danMARC2" type="Bibliographic" xmlns:marcx="info:lc/xmlns/marcxchange-v1"><marcx:leader>00000n    2200000   4500</marcx:leader><marcx:datafield tag="001" ind1="0" ind2="0"><marcx:subfield code="a">22371851</marcx:subfield><marcx:subfield code="b">191919</marcx:subfield><marcx:subfield code="c">20050317001729</marcx:subfield><marcx:subfield code="d">19990216</marcx:subfield><marcx:subfield code="f">a</marcx:subfield></marcx:datafield><marcx:datafield tag="004" ind1="0" ind2="0"><marcx:subfield code="r">n</marcx:subfield><marcx:subfield code="a">e</marcx:subfield></marcx:datafield><marcx:datafield tag="008" ind1="0" ind2="0"><marcx:subfield code="t">m</marcx:subfield><marcx:subfield code="u">f</marcx:subfield><marcx:subfield code="a">1997</marcx:subfield><marcx:subfield code="l">eng</marcx:subfield><marcx:subfield code="v">0</marcx:subfield></marcx:datafield><marcx:datafield tag="009" ind1="0" ind2="0"><marcx:subfield code="a">s</marcx:subfield><marcx:subfield code="g">xc</marcx:subfield><marcx:subfield code="b">a</marcx:subfield><marcx:subfield code="h">xx</marcx:subfield></marcx:datafield><marcx:datafield tag="021" ind1="0" ind2="0"><marcx:subfield code="d">kr. 260,00</marcx:subfield></marcx:datafield><marcx:datafield tag="032" ind1="0" ind2="0"><marcx:subfield code="x">SFG199909</marcx:subfield><marcx:subfield code="x">DAT200511</marcx:subfield></marcx:datafield><marcx:datafield tag="039" ind1="0" ind2="0"><marcx:subfield code="a">otm</marcx:subfield></marcx:datafield><marcx:datafield tag="100" ind1="0" ind2="0"><marcx:subfield code="a">Kander</marcx:subfield><marcx:subfield code="h">John</marcx:subfield></marcx:datafield><marcx:datafield tag="239" ind1="0" ind2="0"><marcx:subfield code="t">Cabaret</marcx:subfield><marcx:subfield code="ø">Edwards</marcx:subfield></marcx:datafield><marcx:datafield tag="245" ind1="0" ind2="0"><marcx:subfield code="a">Cabaret</marcx:subfield><marcx:subfield code="e">music by John Kander</marcx:subfield><marcx:subfield code="e">lyrics by Fred Ebb</marcx:subfield><marcx:subfield code="e">orchestrations by Don Walker</marcx:subfield><marcx:subfield code="e">solister: Judi Dench, Fred Ebb, Gregg Edelman, Maria Friedman, John Mark Ainsley, Jonathan Pryce ... [et al.]</marcx:subfield><marcx:subfield code="e">National Symphony Orchestra</marcx:subfield><marcx:subfield code="e">dirigent: John Owen Edwards</marcx:subfield></marcx:datafield><marcx:datafield tag="260" ind1="0" ind2="0"><marcx:subfield code="a">London</marcx:subfield><marcx:subfield code="b">TER</marcx:subfield><marcx:subfield code="c">p 1997</marcx:subfield></marcx:datafield><marcx:datafield tag="300" ind1="0" ind2="0"><marcx:subfield code="n">2 cd'er</marcx:subfield><marcx:subfield code="b">digitaloptagelse</marcx:subfield><marcx:subfield code="D">1 hæfte</marcx:subfield><marcx:subfield code="d">1 kommentarhæfte</marcx:subfield></marcx:datafield><marcx:datafield tag="440" ind1="0" ind2="0"><marcx:subfield code="0"/><marcx:subfield code="a">Masterworks edition</marcx:subfield></marcx:datafield><marcx:datafield tag="508" ind1="0" ind2="0"><marcx:subfield code="a">Sunget på engelsk</marcx:subfield></marcx:datafield><marcx:datafield tag="512" ind1="0" ind2="0"><marcx:subfield code="a">Indspillet i London 1993</marcx:subfield></marcx:datafield><marcx:datafield tag="534" ind1="0" ind2="0"><marcx:subfield code="i">Med 3 sange fra Broadwayudgaven 1987</marcx:subfield><marcx:subfield code="t">Money '87</marcx:subfield><marcx:subfield code="t">Don't go</marcx:subfield><marcx:subfield code="t">I don't care much</marcx:subfield><marcx:subfield code="e">orchestrations by Michael Gibson</marcx:subfield><marcx:subfield code="b">og 4 sange fra filmudgaven</marcx:subfield><marcx:subfield code="t">Mein Herr</marcx:subfield><marcx:subfield code="t">Maybe this time</marcx:subfield><marcx:subfield code="t">Money money</marcx:subfield><marcx:subfield code="t">Tiller girls</marcx:subfield><marcx:subfield code="e">orchestrations by Larry Moore</marcx:subfield></marcx:datafield><marcx:datafield tag="538" ind1="0" ind2="0"><marcx:subfield code="f">TER</marcx:subfield><marcx:subfield code="g">CDTER2 1210</marcx:subfield></marcx:datafield><marcx:datafield tag="652" ind1="0" ind2="0"><marcx:subfield code="m">78.81</marcx:subfield><marcx:subfield code="v">5</marcx:subfield></marcx:datafield><marcx:datafield tag="666" ind1="0" ind2="0"><marcx:subfield code="0"/><marcx:subfield code="m">musical</marcx:subfield><marcx:subfield code="n">vokal</marcx:subfield><marcx:subfield code="p">1960-1969</marcx:subfield><marcx:subfield code="p">1980-1989</marcx:subfield><marcx:subfield code="l">USA</marcx:subfield></marcx:datafield><marcx:datafield tag="700" ind1="0" ind2="0"><marcx:subfield code="a">Walker</marcx:subfield><marcx:subfield code="h">Don</marcx:subfield></marcx:datafield><marcx:datafield tag="700" ind1="0" ind2="0"><marcx:subfield code="å">1</marcx:subfield><marcx:subfield code="a">Edwards</marcx:subfield><marcx:subfield code="h">John Owen</marcx:subfield></marcx:datafield><marcx:datafield tag="700" ind1="0" ind2="0"><marcx:subfield code="a">Dench</marcx:subfield><marcx:subfield code="h">Judi</marcx:subfield></marcx:datafield><marcx:datafield tag="700" ind1="0" ind2="0"><marcx:subfield code="a">Ebb</marcx:subfield><marcx:subfield code="h">Fred</marcx:subfield></marcx:datafield><marcx:datafield tag="700" ind1="0" ind2="0"><marcx:subfield code="a">Edelman</marcx:subfield><marcx:subfield code="h">Gregg</marcx:subfield></marcx:datafield><marcx:datafield tag="700" ind1="0" ind2="0"><marcx:subfield code="a">Friedman</marcx:subfield><marcx:subfield code="h">Maria</marcx:subfield></marcx:datafield><marcx:datafield tag="700" ind1="0" ind2="0"><marcx:subfield code="a">Ainsley</marcx:subfield><marcx:subfield code="h">John Mark</marcx:subfield></marcx:datafield><marcx:datafield tag="700" ind1="0" ind2="0"><marcx:subfield code="a">Pryce</marcx:subfield><marcx:subfield code="h">Jonathan</marcx:subfield></marcx:datafield><marcx:datafield tag="700" ind1="0" ind2="0"><marcx:subfield code="a">Gibson</marcx:subfield><marcx:subfield code="h">Michael</marcx:subfield><marcx:subfield code="c">f. 1944</marcx:subfield></marcx:datafield><marcx:datafield tag="700" ind1="0" ind2="0"><marcx:subfield code="a">Moore</marcx:subfield><marcx:subfield code="h">Larry</marcx:subfield></marcx:datafield><marcx:datafield tag="710" ind1="0" ind2="0"><marcx:subfield code="a">National Symphony Orchestra</marcx:subfield></marcx:datafield><marcx:datafield tag="900" ind1="0" ind2="0"><marcx:subfield code="a">Owen Edwards</marcx:subfield><marcx:subfield code="h">John</marcx:subfield><marcx:subfield code="z">700/1</marcx:subfield></marcx:datafield><marcx:datafield tag="990" ind1="0" ind2="0"><marcx:subfield code="a">SFG</marcx:subfield><marcx:subfield code="o">199909</marcx:subfield><marcx:subfield code="c">C</marcx:subfield><marcx:subfield code="t">19.03.99</marcx:subfield></marcx:datafield><marcx:datafield tag="991" ind1="0" ind2="0"><marcx:subfield code="o">\(Gramophone 1998:maj)\</marcx:subfield></marcx:datafield><marcx:datafield tag="996" ind1="0" ind2="0"><marcx:subfield code="a">DBC</marcx:subfield></marcx:datafield></marcx:record>