
<record xsi:schemaLocation="http://www.loc.gov/standards/iso25577/marcxchange-1-1.xsd" xmlns="info:lc/xmlns/marcxchange-v1" xmlns:xsi="http://www.w3.org/2001/XMLSchema-instance"><leader>00000n    2200000   4500</leader><datafield tag="001" ind1="0" ind2="0"><subfield code="a">51911229</subfield><subfield code="b">191919</subfield><subfield code="c">20151021180419</subfield><subfield code="d">20150827</subfield><subfield code="f">a</subfield></datafield><datafield tag="004" ind1="0" ind2="0"><subfield code="r">n</subfield><subfield code="a">e</subfield></datafield><datafield tag="008" ind1="0" ind2="0"><subfield code="t">s</subfield><subfield code="u">f</subfield><subfield code="a">2015</subfield><subfield code="b">dk</subfield><subfield code="l">dan</subfield><subfield code="v">0</subfield></datafield><datafield tag="009" ind1="0" ind2="0"><subfield code="a">s</subfield><subfield code="g">xc</subfield></datafield><datafield tag="023" ind1="0" ind2="0"><subfield code="b">5705476014401</subfield></datafield><datafield tag="032" ind1="0" ind2="0"><subfield code="a">DMO201544</subfield><subfield code="x">BKM201544</subfield><subfield code="x">ACM201535</subfield></datafield><datafield tag="039" ind1="0" ind2="0"><subfield code="a">dau</subfield></datafield><datafield tag="100" ind1="0" ind2="0"><subfield code="a">Grip</subfield><subfield code="h">Erik</subfield></datafield><datafield tag="245" ind1="0" ind2="0"><subfield code="a">Erik Grip synger Frank Jæger</subfield><subfield code="j">Erik Grip med Ole Fick, Hugo Rasmussen, Frank Lauritsen, Holger Laumann, Henrik Gunde, Esben Eyermann</subfield></datafield><datafield tag="260" ind1="0" ind2="0"><subfield code="b">Gyps Fulvus Publishing</subfield><subfield code="c">2015</subfield></datafield><datafield tag="300" ind1="0" ind2="0"><subfield code="n">2 cd'er</subfield></datafield><datafield tag="512" ind1="0" ind2="0"><subfield code="i">Cd 1</subfield><subfield code="t">Frank Jægers viser</subfield><subfield code="b">. Indspillet 1960 (Frank Jægers oplæsninger) og 13.-19. juni 1975 og oprindeligt publiceret 1975</subfield></datafield><datafield tag="512" ind1="0" ind2="0"><subfield code="i">Cd 2</subfield><subfield code="t">Erik Grip synger Frank Jæger</subfield><subfield code="b">. Indspillet i Sverige og Danmark ca. 2015</subfield></datafield><datafield tag="531" ind1="0" ind2="0"><subfield code="a">Indhold:</subfield></datafield><datafield tag="538" ind1="0" ind2="0"><subfield code="f">Gyps Fulvus</subfield><subfield code="g">GF 1540</subfield></datafield><datafield tag="652" ind1="0" ind2="0"><subfield code="m">78.797</subfield><subfield code="v">6</subfield></datafield><datafield tag="666" ind1="0" ind2="0"><subfield code="0"></subfield><subfield code="m">vise</subfield><subfield code="m">folk</subfield><subfield code="m">jazz</subfield><subfield code="n">vokal</subfield><subfield code="p">1970-1979</subfield><subfield code="p">2010-2019</subfield><subfield code="l">Danmark</subfield></datafield><datafield tag="666" ind1="0" ind2="0"><subfield code="0"></subfield><subfield code="o">lyrik</subfield></datafield><datafield tag="700" ind1="0" ind2="0"><subfield code="a">Eyermann</subfield><subfield code="h">Esben</subfield></datafield><datafield tag="700" ind1="0" ind2="0"><subfield code="a">Fick</subfield><subfield code="h">Ole</subfield></datafield><datafield tag="700" ind1="0" ind2="0"><subfield code="å">7</subfield><subfield code="a">Gunde</subfield><subfield code="h">Henrik</subfield></datafield><datafield tag="700" ind1="0" ind2="0"><subfield code="a">Jæger</subfield><subfield code="h">Frank</subfield></datafield><datafield tag="700" ind1="0" ind2="0"><subfield code="a">Laumann</subfield><subfield code="h">Holger</subfield></datafield><datafield tag="700" ind1="0" ind2="0"><subfield code="a">Lauridsen</subfield><subfield code="h">Frank</subfield></datafield><datafield tag="700" ind1="0" ind2="0"><subfield code="a">Rasmussen</subfield><subfield code="h">Hugo</subfield><subfield code="c">f. 1941</subfield></datafield><datafield tag="795" ind1="0" ind2="0"><subfield code="å">11</subfield><subfield code="a">Kirsten og vejen fra Gurre</subfield><subfield code="i">Erik Grip med Ole Fick, Hugo Rasmussen, Frank Lauritsen, Holger Laumann</subfield><subfield code="z">DKQGA1500510</subfield></datafield><datafield tag="795" ind1="0" ind2="0"><subfield code="å">12</subfield><subfield code="a">Den ¤røde kakadue</subfield><subfield code="i">Erik Grip med Ole Fick, Hugo Rasmussen, Frank Lauritsen, Holger Laumann</subfield><subfield code="z">DKQGA1500511</subfield></datafield><datafield tag="795" ind1="0" ind2="0"><subfield code="å">13</subfield><subfield code="a">To</subfield><subfield code="i">Erik Grip med Ole Fick, Hugo Rasmussen, Frank Lauritsen, Holger Laumann</subfield><subfield code="z">DKQGA1500512</subfield></datafield><datafield tag="795" ind1="0" ind2="0"><subfield code="å">14</subfield><subfield code="a">Morgenens trompet</subfield><subfield code="i">Erik Grip med Ole Fick, Hugo Rasmussen, Frank Lauritsen, Holger Laumann</subfield><subfield code="z">DKQGA1500513</subfield></datafield><datafield tag="795" ind1="0" ind2="0"><subfield code="å">15</subfield><subfield code="a">Liden sol</subfield><subfield code="i">Erik Grip med Ole Fick, Hugo Rasmussen, Frank Lauritsen, Holger Laumann</subfield><subfield code="z">DKQGA1500514</subfield></datafield><datafield tag="795" ind1="0" ind2="0"><subfield code="å">16</subfield><subfield code="a">Være-digtet</subfield><subfield code="i">Erik Grip med Ole Fick, Hugo Rasmussen, Frank Lauritsen, Holger Laumann</subfield><subfield code="z">DKQGA1500515</subfield></datafield><datafield tag="795" ind1="0" ind2="0"><subfield code="å">17</subfield><subfield code="a">Septemberdårskab</subfield><subfield code="e">oplæsning ved  Frank Jæger</subfield><subfield code="z">DKQGA1500516</subfield></datafield><datafield tag="795" ind1="0" ind2="0"><subfield code="å">18</subfield><subfield code="a">Tidligt forår</subfield><subfield code="i">Erik Grip med Ole Fick, Hugo Rasmussen, Frank Lauritsen, Holger Laumann</subfield><subfield code="z">DKQGA1500517</subfield></datafield><datafield tag="795" ind1="0" ind2="0"><subfield code="å">19</subfield><subfield code="a">Påske</subfield><subfield code="i">Erik Grip med Ole Fick, Hugo Rasmussen, Frank Lauritsen, Holger Laumann</subfield><subfield code="z">DKQGA1500518</subfield></datafield><datafield tag="795" ind1="0" ind2="0"><subfield code="å">20</subfield><subfield code="a">Lille vinter</subfield><subfield code="i">Erik Grip med Ole Fick, Hugo Rasmussen, Frank Lauritsen, Holger Laumann</subfield><subfield code="z">DKQGA1500519</subfield></datafield><datafield tag="795" ind1="0" ind2="0"><subfield code="å">21</subfield><subfield code="a">Ud af en vinter</subfield><subfield code="i">Erik Grip med Ole Fick, Hugo Rasmussen, Frank Lauritsen, Holger Laumann</subfield><subfield code="z">DKQGA1500520</subfield></datafield><datafield tag="795" ind1="0" ind2="0"><subfield code="å">22</subfield><subfield code="a">April, april</subfield><subfield code="i">Erik Grip med Ole Fick, Hugo Rasmussen, Frank Lauritsen, Holger Laumann</subfield><subfield code="z">DKQGA1500521</subfield></datafield><datafield tag="795" ind1="0" ind2="0"><subfield code="å">23</subfield><subfield code="a">Mit hjertes spanske jomfru</subfield><subfield code="i">Erik Grip med Ole Fick, Hugo Rasmussen, Frank Lauritsen, Holger Laumann</subfield><subfield code="z">DKQGA1500522</subfield></datafield><datafield tag="795" ind1="0" ind2="0"><subfield code="å">24</subfield><subfield code="a">Romeo i grotten</subfield><subfield code="e">oplæsning ved Frank Jæger</subfield><subfield code="z">DKQGA1500523</subfield></datafield><datafield tag="795" ind1="0" ind2="0"><subfield code="å">25</subfield><subfield code="a">Ud af en vinter</subfield><subfield code="i">Erik Grip med Henrik Gunde, Esben Eyermann</subfield><subfield code="z">DKQGA1500524</subfield></datafield><datafield tag="795" ind1="0" ind2="0"><subfield code="å">26</subfield><subfield code="a">Den ¤sorte fugl</subfield><subfield code="i">Erik Grip med Henrik Gunde, Esben Eyermann</subfield><subfield code="z">DKQGA1500525</subfield></datafield><datafield tag="795" ind1="0" ind2="0"><subfield code="å">27</subfield><subfield code="a">Være-digtet</subfield><subfield code="i">Erik Grip med Henrik Gunde, Esben Eyermann</subfield><subfield code="z">DKQGA1500526</subfield></datafield><datafield tag="795" ind1="0" ind2="0"><subfield code="å">28</subfield><subfield code="a">Den ¤røde kakadue</subfield><subfield code="i">Erik Grip med Henrik Gunde, Esben Eyermann</subfield><subfield code="z">DKQGA1500527</subfield></datafield><datafield tag="795" ind1="0" ind2="0"><subfield code="å">29</subfield><subfield code="a">Påske</subfield><subfield code="i">Erik Grip med Henrik Gunde, Esben Eyermann</subfield><subfield code="z">DKQGA1500528</subfield></datafield><datafield tag="795" ind1="0" ind2="0"><subfield code="å">30</subfield><subfield code="a">Kirsten og vejen</subfield><subfield code="i">Erik Grip med Henrik Gunde, Esben Eyermann</subfield><subfield code="z">DKQGA1500529</subfield></datafield><datafield tag="795" ind1="0" ind2="0"><subfield code="å">31</subfield><subfield code="a">Liden sol</subfield><subfield code="i">Erik Grip med Henrik Gunde, Esben Eyermann</subfield><subfield code="z">DKQGA1500530</subfield></datafield><datafield tag="795" ind1="0" ind2="0"><subfield code="å">99</subfield><subfield code="y">0</subfield><subfield code="a">2</subfield></datafield><datafield tag="900" ind1="0" ind2="0"><subfield code="a">Gunde Petersen</subfield><subfield code="h">Henrik</subfield><subfield code="z">700/7</subfield></datafield><datafield tag="900" ind1="0" ind2="0"><subfield code="a">Petersen</subfield><subfield code="h">Henrik Gunde</subfield><subfield code="z">700/7</subfield></datafield><datafield tag="990" ind1="0" ind2="0"><subfield code="o">201544</subfield><subfield code="b">v</subfield><subfield code="u">nt</subfield></datafield><datafield tag="996" ind1="0" ind2="0"><subfield code="a">DBC</subfield></datafield></record>