
<marcx:record format="danMARC2" type="Bibliographic" xmlns:marcx="info:lc/xmlns/marcxchange-v1"><marcx:leader>00000n    2200000   4500</marcx:leader><marcx:datafield tag="001" ind1="0" ind2="0"><marcx:subfield code="a">22369547</marcx:subfield><marcx:subfield code="b">191919</marcx:subfield><marcx:subfield code="c">20110922085846</marcx:subfield><marcx:subfield code="d">19990211</marcx:subfield><marcx:subfield code="f">a</marcx:subfield></marcx:datafield><marcx:datafield tag="004" ind1="0" ind2="0"><marcx:subfield code="r">n</marcx:subfield><marcx:subfield code="a">e</marcx:subfield></marcx:datafield><marcx:datafield tag="005" ind1="0" ind2="0"><marcx:subfield code="h">e</marcx:subfield></marcx:datafield><marcx:datafield tag="008" ind1="0" ind2="0"><marcx:subfield code="t">s</marcx:subfield><marcx:subfield code="u">f</marcx:subfield><marcx:subfield code="a">1998</marcx:subfield><marcx:subfield code="b">dk</marcx:subfield><marcx:subfield code="l">dan</marcx:subfield><marcx:subfield code="v">0</marcx:subfield></marcx:datafield><marcx:datafield tag="009" ind1="0" ind2="0"><marcx:subfield code="a">s</marcx:subfield><marcx:subfield code="g">xc</marcx:subfield></marcx:datafield><marcx:datafield tag="020" ind1="0" ind2="0"><marcx:subfield code="a">dk</marcx:subfield></marcx:datafield><marcx:datafield tag="021" ind1="0" ind2="0"><marcx:subfield code="d">kr. 139,00</marcx:subfield></marcx:datafield><marcx:datafield tag="032" ind1="0" ind2="0"><marcx:subfield code="x">BØK199902</marcx:subfield><marcx:subfield code="x">SFG199908</marcx:subfield><marcx:subfield code="a">DMO199908</marcx:subfield><marcx:subfield code="x">DAT201025</marcx:subfield><marcx:subfield code="x">DAT201139</marcx:subfield></marcx:datafield><marcx:datafield tag="039" ind1="0" ind2="0"><marcx:subfield code="a">bea</marcx:subfield></marcx:datafield><marcx:datafield tag="245" ind1="0" ind2="0"><marcx:subfield code="a">DM i dansk rap 98</marcx:subfield><marcx:subfield code="i">optaget af Claus Pedersen</marcx:subfield><marcx:subfield code="i">mixet af Saqib</marcx:subfield><marcx:subfield code="i">live-lyd: Bjørn Winnem &amp; Steffen Hansen</marcx:subfield><marcx:subfield code="i">produceret af Acorn ... [et al.]</marcx:subfield></marcx:datafield><marcx:datafield tag="260" ind1="0" ind2="0"><marcx:subfield code="a">[S.l.]</marcx:subfield><marcx:subfield code="b">Rundt på Gulvet</marcx:subfield><marcx:subfield code="c">[1998]</marcx:subfield></marcx:datafield><marcx:datafield tag="300" ind1="0" ind2="0"><marcx:subfield code="n">1 cd</marcx:subfield></marcx:datafield><marcx:datafield tag="512" ind1="0" ind2="0"><marcx:subfield code="a">Live-optagelse, DM i dansk rap, Vega 6. november 1998</marcx:subfield></marcx:datafield><marcx:datafield tag="512" ind1="0" ind2="0"><marcx:subfield code="a">Delvis med tekster på omslag</marcx:subfield></marcx:datafield><marcx:datafield tag="531" ind1="0" ind2="0"><marcx:subfield code="a">Indhold:</marcx:subfield></marcx:datafield><marcx:datafield tag="538" ind1="0" ind2="0"><marcx:subfield code="f">Rundt på Gulvet</marcx:subfield><marcx:subfield code="g">RPG 1998</marcx:subfield></marcx:datafield><marcx:datafield tag="652" ind1="0" ind2="0"><marcx:subfield code="m">78.7941</marcx:subfield></marcx:datafield><marcx:datafield tag="666" ind1="0" ind2="0"><marcx:subfield code="0"/><marcx:subfield code="m">hip hop</marcx:subfield><marcx:subfield code="n">rap</marcx:subfield><marcx:subfield code="n">vokal</marcx:subfield><marcx:subfield code="p">1990-1999</marcx:subfield><marcx:subfield code="l">Danmark</marcx:subfield></marcx:datafield><marcx:datafield tag="700" ind1="0" ind2="0"><marcx:subfield code="å">8</marcx:subfield><marcx:subfield code="a">5-Dob</marcx:subfield></marcx:datafield><marcx:datafield tag="700" ind1="0" ind2="0"><marcx:subfield code="a">Andersen</marcx:subfield><marcx:subfield code="h">J.</marcx:subfield></marcx:datafield><marcx:datafield tag="700" ind1="0" ind2="0"><marcx:subfield code="å">2</marcx:subfield><marcx:subfield code="a">Broue Hansen</marcx:subfield><marcx:subfield code="h">K.</marcx:subfield></marcx:datafield><marcx:datafield tag="700" ind1="0" ind2="0"><marcx:subfield code="a">Bruun</marcx:subfield><marcx:subfield code="h">Bjarke</marcx:subfield></marcx:datafield><marcx:datafield tag="700" ind1="0" ind2="0"><marcx:subfield code="a">Christiansen</marcx:subfield><marcx:subfield code="h">M.</marcx:subfield></marcx:datafield><marcx:datafield tag="700" ind1="0" ind2="0"><marcx:subfield code="a">DJ Rescue</marcx:subfield></marcx:datafield><marcx:datafield tag="700" ind1="0" ind2="0"><marcx:subfield code="a">DJ Talkback</marcx:subfield></marcx:datafield><marcx:datafield tag="700" ind1="0" ind2="0"><marcx:subfield code="a">DeeJay Jay Jay</marcx:subfield></marcx:datafield><marcx:datafield tag="700" ind1="0" ind2="0"><marcx:subfield code="å">5</marcx:subfield><marcx:subfield code="a">Forsby</marcx:subfield><marcx:subfield code="h">Johan</marcx:subfield></marcx:datafield><marcx:datafield tag="700" ind1="0" ind2="0"><marcx:subfield code="a">Freng</marcx:subfield><marcx:subfield code="h">N.</marcx:subfield></marcx:datafield><marcx:datafield tag="700" ind1="0" ind2="0"><marcx:subfield code="a">Friedman</marcx:subfield><marcx:subfield code="h">J.</marcx:subfield></marcx:datafield><marcx:datafield tag="700" ind1="0" ind2="0"><marcx:subfield code="a">Handest</marcx:subfield><marcx:subfield code="h">L.</marcx:subfield></marcx:datafield><marcx:datafield tag="700" ind1="0" ind2="0"><marcx:subfield code="a">Hartmann</marcx:subfield><marcx:subfield code="h">L.</marcx:subfield></marcx:datafield><marcx:datafield tag="700" ind1="0" ind2="0"><marcx:subfield code="a">Jensen</marcx:subfield><marcx:subfield code="h">Christian</marcx:subfield></marcx:datafield><marcx:datafield tag="700" ind1="0" ind2="0"><marcx:subfield code="a">Jessen</marcx:subfield><marcx:subfield code="h">J.</marcx:subfield></marcx:datafield><marcx:datafield tag="700" ind1="0" ind2="0"><marcx:subfield code="a">Kꜳs</marcx:subfield><marcx:subfield code="h">Thomas</marcx:subfield></marcx:datafield><marcx:datafield tag="700" ind1="0" ind2="0"><marcx:subfield code="a">Kefaloukos</marcx:subfield><marcx:subfield code="h">Kostas</marcx:subfield></marcx:datafield><marcx:datafield tag="700" ind1="0" ind2="0"><marcx:subfield code="å">3</marcx:subfield><marcx:subfield code="a">Kong Winther</marcx:subfield></marcx:datafield><marcx:datafield tag="700" ind1="0" ind2="0"><marcx:subfield code="a">Køllner</marcx:subfield><marcx:subfield code="h">J.</marcx:subfield></marcx:datafield><marcx:datafield tag="700" ind1="0" ind2="0"><marcx:subfield code="a">Lang</marcx:subfield><marcx:subfield code="h">J.</marcx:subfield></marcx:datafield><marcx:datafield tag="700" ind1="0" ind2="0"><marcx:subfield code="a">Larsen</marcx:subfield><marcx:subfield code="h">Lars</marcx:subfield></marcx:datafield><marcx:datafield tag="700" ind1="0" ind2="0"><marcx:subfield code="a">Larsen</marcx:subfield><marcx:subfield code="h">J.</marcx:subfield></marcx:datafield><marcx:datafield tag="700" ind1="0" ind2="0"><marcx:subfield code="å">1</marcx:subfield><marcx:subfield code="a">Merry T</marcx:subfield></marcx:datafield><marcx:datafield tag="700" ind1="0" ind2="0"><marcx:subfield code="a">Møller</marcx:subfield><marcx:subfield code="h">Chr.</marcx:subfield></marcx:datafield><marcx:datafield tag="700" ind1="0" ind2="0"><marcx:subfield code="a">Namensen</marcx:subfield><marcx:subfield code="h">Henrik</marcx:subfield></marcx:datafield><marcx:datafield tag="700" ind1="0" ind2="0"><marcx:subfield code="a">Nielsen</marcx:subfield><marcx:subfield code="h">N.</marcx:subfield></marcx:datafield><marcx:datafield tag="700" ind1="0" ind2="0"><marcx:subfield code="a">Niromand</marcx:subfield><marcx:subfield code="h">M.</marcx:subfield></marcx:datafield><marcx:datafield tag="700" ind1="0" ind2="0"><marcx:subfield code="å">4</marcx:subfield><marcx:subfield code="a">Paulo</marcx:subfield></marcx:datafield><marcx:datafield tag="700" ind1="0" ind2="0"><marcx:subfield code="å">7</marcx:subfield><marcx:subfield code="a">Per Vers</marcx:subfield></marcx:datafield><marcx:datafield tag="700" ind1="0" ind2="0"><marcx:subfield code="å">6</marcx:subfield><marcx:subfield code="a">Pålsson</marcx:subfield><marcx:subfield code="h">Thomas</marcx:subfield></marcx:datafield><marcx:datafield tag="700" ind1="0" ind2="0"><marcx:subfield code="a">Sandberg</marcx:subfield><marcx:subfield code="h">N.</marcx:subfield></marcx:datafield><marcx:datafield tag="700" ind1="0" ind2="0"><marcx:subfield code="a">Volder</marcx:subfield><marcx:subfield code="h">Tue</marcx:subfield></marcx:datafield><marcx:datafield tag="700" ind1="0" ind2="0"><marcx:subfield code="a">Østergård</marcx:subfield><marcx:subfield code="h">L.</marcx:subfield></marcx:datafield><marcx:datafield tag="710" ind1="0" ind2="0"><marcx:subfield code="a">Sund Fornuft</marcx:subfield></marcx:datafield><marcx:datafield tag="770" ind1="0" ind2="0"><marcx:subfield code="å">11</marcx:subfield><marcx:subfield code="a">Ettison</marcx:subfield><marcx:subfield code="h">Nellie</marcx:subfield></marcx:datafield><marcx:datafield tag="770" ind1="0" ind2="0"><marcx:subfield code="å">12</marcx:subfield><marcx:subfield code="a">Mini Kås</marcx:subfield></marcx:datafield><marcx:datafield tag="770" ind1="0" ind2="0"><marcx:subfield code="å">13</marcx:subfield><marcx:subfield code="a">P.I.S. Patrick</marcx:subfield></marcx:datafield><marcx:datafield tag="770" ind1="0" ind2="0"><marcx:subfield code="å">15</marcx:subfield><marcx:subfield code="a">Strøm</marcx:subfield></marcx:datafield><marcx:datafield tag="770" ind1="0" ind2="0"><marcx:subfield code="å">18</marcx:subfield><marcx:subfield code="a">U-Manden</marcx:subfield></marcx:datafield><marcx:datafield tag="770" ind1="0" ind2="0"><marcx:subfield code="å">19</marcx:subfield><marcx:subfield code="a">Willie Rap</marcx:subfield></marcx:datafield><marcx:datafield tag="770" ind1="0" ind2="0"><marcx:subfield code="å">21</marcx:subfield><marcx:subfield code="a">MC Meller</marcx:subfield></marcx:datafield><marcx:datafield tag="770" ind1="0" ind2="0"><marcx:subfield code="å">22</marcx:subfield><marcx:subfield code="a">Essensen</marcx:subfield></marcx:datafield><marcx:datafield tag="770" ind1="0" ind2="0"><marcx:subfield code="å">24</marcx:subfield><marcx:subfield code="a">Jøden</marcx:subfield></marcx:datafield><marcx:datafield tag="780" ind1="0" ind2="0"><marcx:subfield code="å">14</marcx:subfield><marcx:subfield code="a">4Fod</marcx:subfield></marcx:datafield><marcx:datafield tag="780" ind1="0" ind2="0"><marcx:subfield code="å">16</marcx:subfield><marcx:subfield code="a">Originaliseret Riminalitet</marcx:subfield></marcx:datafield><marcx:datafield tag="780" ind1="0" ind2="0"><marcx:subfield code="å">17</marcx:subfield><marcx:subfield code="a">Break</marcx:subfield></marcx:datafield><marcx:datafield tag="780" ind1="0" ind2="0"><marcx:subfield code="å">20</marcx:subfield><marcx:subfield code="a">NSB Funkstjerne</marcx:subfield></marcx:datafield><marcx:datafield tag="780" ind1="0" ind2="0"><marcx:subfield code="å">23</marcx:subfield><marcx:subfield code="a">Rent Mel i Posen</marcx:subfield></marcx:datafield><marcx:datafield tag="795" ind1="0" ind2="0"><marcx:subfield code="å">11</marcx:subfield><marcx:subfield code="a">98 intro</marcx:subfield><marcx:subfield code="i">sang: Nellie Ettison</marcx:subfield><marcx:subfield code="i">rap: Per Vers</marcx:subfield><marcx:subfield code="i">scratch: DJ Rescue</marcx:subfield><marcx:subfield code="i">beat: Merry Tee</marcx:subfield></marcx:datafield><marcx:datafield tag="795" ind1="0" ind2="0"><marcx:subfield code="å">12</marcx:subfield><marcx:subfield code="a">Stress</marcx:subfield><marcx:subfield code="i">T. Kꜳs</marcx:subfield></marcx:datafield><marcx:datafield tag="795" ind1="0" ind2="0"><marcx:subfield code="å">13</marcx:subfield><marcx:subfield code="a">Krudt i kæften II</marcx:subfield><marcx:subfield code="u">Sagens kerne</marcx:subfield><marcx:subfield code="i">P. Andersen/L. Larsen</marcx:subfield></marcx:datafield><marcx:datafield tag="795" ind1="0" ind2="0"><marcx:subfield code="å">14</marcx:subfield><marcx:subfield code="a">Definitionen af -</marcx:subfield><marcx:subfield code="i">K. Broue Hansen/L. Handest/M. Niromand</marcx:subfield></marcx:datafield><marcx:datafield tag="795" ind1="0" ind2="0"><marcx:subfield code="å">15</marcx:subfield><marcx:subfield code="a">Følg strømmen</marcx:subfield><marcx:subfield code="i">S. Strøm/L. Østergård</marcx:subfield><marcx:subfield code="e">Strøm &amp; DJ Talkback</marcx:subfield></marcx:datafield><marcx:datafield tag="795" ind1="0" ind2="0"><marcx:subfield code="å">16</marcx:subfield><marcx:subfield code="a">Ingenting</marcx:subfield><marcx:subfield code="i">L. Hartmann/J. Marke/J. Køllner/J. Lang</marcx:subfield></marcx:datafield><marcx:datafield tag="795" ind1="0" ind2="0"><marcx:subfield code="å">17</marcx:subfield><marcx:subfield code="a">Yakuza service's Orbit blaster</marcx:subfield><marcx:subfield code="i">K. Keffalokous/J. Friedman/J. Jessen</marcx:subfield><marcx:subfield code="i">scratch af DeeJay Jay Jay</marcx:subfield></marcx:datafield><marcx:datafield tag="795" ind1="0" ind2="0"><marcx:subfield code="å">18</marcx:subfield><marcx:subfield code="a">Punk-MC'er søg i ly</marcx:subfield><marcx:subfield code="i">U. Theodórson/P. Palomino</marcx:subfield></marcx:datafield><marcx:datafield tag="795" ind1="0" ind2="0"><marcx:subfield code="å">19</marcx:subfield><marcx:subfield code="a">Hvem er jeg?</marcx:subfield><marcx:subfield code="i">J. Wilhardt</marcx:subfield></marcx:datafield><marcx:datafield tag="795" ind1="0" ind2="0"><marcx:subfield code="å">20</marcx:subfield><marcx:subfield code="a">Beat-&amp;-rap</marcx:subfield><marcx:subfield code="i">N. Freng/N. Sandberg</marcx:subfield></marcx:datafield><marcx:datafield tag="795" ind1="0" ind2="0"><marcx:subfield code="å">21</marcx:subfield><marcx:subfield code="a">Tilbage efter titlen</marcx:subfield><marcx:subfield code="i">B. Bruun/C. Jensen</marcx:subfield></marcx:datafield><marcx:datafield tag="795" ind1="0" ind2="0"><marcx:subfield code="å">22</marcx:subfield><marcx:subfield code="a">Mr. Skidego</marcx:subfield><marcx:subfield code="i">T. Volder/N. Nielsen</marcx:subfield></marcx:datafield><marcx:datafield tag="795" ind1="0" ind2="0"><marcx:subfield code="å">23</marcx:subfield><marcx:subfield code="a">Ishi ishi ishi ish (ish)</marcx:subfield><marcx:subfield code="i">J. Forsby/P. Uldal/H. Namensen/T. Pålsson/C. Møller/J. Andersen</marcx:subfield><marcx:subfield code="e">Rent mel i posen feat. Sund Fornuft</marcx:subfield></marcx:datafield><marcx:datafield tag="795" ind1="0" ind2="0"><marcx:subfield code="å">24</marcx:subfield><marcx:subfield code="a">Sagen er bøf</marcx:subfield><marcx:subfield code="i">M. Christiansen/H. Winther/J. Larsen</marcx:subfield><marcx:subfield code="e">Jøden &amp; DJ Rescue feat. Kong Winther</marcx:subfield></marcx:datafield><marcx:datafield tag="795" ind1="0" ind2="0"><marcx:subfield code="å">25</marcx:subfield><marcx:subfield code="y">0</marcx:subfield><marcx:subfield code="a">Mister Skidego</marcx:subfield><marcx:subfield code="a">Orbit blaster</marcx:subfield></marcx:datafield><marcx:datafield tag="900" ind1="0" ind2="0"><marcx:subfield code="a">Marke</marcx:subfield><marcx:subfield code="h">J.</marcx:subfield><marcx:subfield code="z">700/8</marcx:subfield></marcx:datafield><marcx:datafield tag="900" ind1="0" ind2="0"><marcx:subfield code="a">Kꜳs</marcx:subfield><marcx:subfield code="h">Thomas</marcx:subfield><marcx:subfield code="x">se også</marcx:subfield><marcx:subfield code="z">770/12</marcx:subfield></marcx:datafield><marcx:datafield tag="900" ind1="0" ind2="0"><marcx:subfield code="a">Andersen</marcx:subfield><marcx:subfield code="h">Patrick</marcx:subfield><marcx:subfield code="x">se også</marcx:subfield><marcx:subfield code="z">770/13</marcx:subfield></marcx:datafield><marcx:datafield tag="900" ind1="0" ind2="0"><marcx:subfield code="a">Theodórson</marcx:subfield><marcx:subfield code="h">U.</marcx:subfield><marcx:subfield code="x">se også</marcx:subfield><marcx:subfield code="z">770/18</marcx:subfield></marcx:datafield><marcx:datafield tag="900" ind1="0" ind2="0"><marcx:subfield code="a">Wilhardt</marcx:subfield><marcx:subfield code="h">J.</marcx:subfield><marcx:subfield code="x">se også</marcx:subfield><marcx:subfield code="z">770/19</marcx:subfield></marcx:datafield><marcx:datafield tag="900" ind1="0" ind2="0"><marcx:subfield code="a">Bruun</marcx:subfield><marcx:subfield code="h">Bjarke</marcx:subfield><marcx:subfield code="x">se også</marcx:subfield><marcx:subfield code="z">770/21</marcx:subfield></marcx:datafield><marcx:datafield tag="900" ind1="0" ind2="0"><marcx:subfield code="a">Merry Tee</marcx:subfield><marcx:subfield code="z">700/1</marcx:subfield></marcx:datafield><marcx:datafield tag="900" ind1="0" ind2="0"><marcx:subfield code="a">Hansen</marcx:subfield><marcx:subfield code="h">K. Broue</marcx:subfield><marcx:subfield code="z">700/2</marcx:subfield></marcx:datafield><marcx:datafield tag="900" ind1="0" ind2="0"><marcx:subfield code="a">Winther</marcx:subfield><marcx:subfield code="h">Henning</marcx:subfield><marcx:subfield code="z">700/3</marcx:subfield></marcx:datafield><marcx:datafield tag="900" ind1="0" ind2="0"><marcx:subfield code="a">Palomino</marcx:subfield><marcx:subfield code="h">Paulo</marcx:subfield><marcx:subfield code="z">700/4</marcx:subfield></marcx:datafield><marcx:datafield tag="900" ind1="0" ind2="0"><marcx:subfield code="a">Jooks</marcx:subfield><marcx:subfield code="z">700/5</marcx:subfield></marcx:datafield><marcx:datafield tag="900" ind1="0" ind2="0"><marcx:subfield code="a">MC Jooks</marcx:subfield><marcx:subfield code="z">700/5</marcx:subfield></marcx:datafield><marcx:datafield tag="900" ind1="0" ind2="0"><marcx:subfield code="a">Tegnedrengen</marcx:subfield><marcx:subfield code="z">700/6</marcx:subfield></marcx:datafield><marcx:datafield tag="900" ind1="0" ind2="0"><marcx:subfield code="a">Uldal</marcx:subfield><marcx:subfield code="h">Per</marcx:subfield><marcx:subfield code="z">700/7</marcx:subfield></marcx:datafield><marcx:datafield tag="910" ind1="0" ind2="0"><marcx:subfield code="a">Fire:Fod</marcx:subfield><marcx:subfield code="z">780/14</marcx:subfield></marcx:datafield><marcx:datafield tag="910" ind1="0" ind2="0"><marcx:subfield code="a">4:fod</marcx:subfield><marcx:subfield code="z">780/14</marcx:subfield></marcx:datafield><marcx:datafield tag="990" ind1="0" ind2="0"><marcx:subfield code="a">SFG</marcx:subfield><marcx:subfield code="o">199908</marcx:subfield><marcx:subfield code="b">B</marcx:subfield><marcx:subfield code="c">C</marcx:subfield><marcx:subfield code="t">12.03.99</marcx:subfield></marcx:datafield><marcx:datafield tag="991" ind1="0" ind2="0"><marcx:subfield code="o">\(Ulriks side 199908)\</marcx:subfield></marcx:datafield><marcx:datafield tag="996" ind1="0" ind2="0"><marcx:subfield code="a">DBC</marcx:subfield></marcx:datafield></marcx:record>