
<marcx:record format="danMARC2" type="Bibliographic" xmlns:marcx="info:lc/xmlns/marcxchange-v1"><marcx:leader>00000n    2200000   4500</marcx:leader><marcx:datafield tag="001" ind1="0" ind2="0"><marcx:subfield code="a">22367668</marcx:subfield><marcx:subfield code="b">191919</marcx:subfield><marcx:subfield code="c">19990518032109</marcx:subfield><marcx:subfield code="d">19990209</marcx:subfield><marcx:subfield code="f">a</marcx:subfield></marcx:datafield><marcx:datafield tag="004" ind1="0" ind2="0"><marcx:subfield code="r">n</marcx:subfield><marcx:subfield code="a">e</marcx:subfield></marcx:datafield><marcx:datafield tag="008" ind1="0" ind2="0"><marcx:subfield code="t">m</marcx:subfield><marcx:subfield code="u">f</marcx:subfield><marcx:subfield code="a">1999</marcx:subfield><marcx:subfield code="b">dk</marcx:subfield><marcx:subfield code="l">dan</marcx:subfield><marcx:subfield code="o">b</marcx:subfield><marcx:subfield code="v">0</marcx:subfield></marcx:datafield><marcx:datafield tag="009" ind1="0" ind2="0"><marcx:subfield code="a">t</marcx:subfield><marcx:subfield code="g">tb</marcx:subfield></marcx:datafield><marcx:datafield tag="021" ind1="0" ind2="0"><marcx:subfield code="a">87-605-8303-7</marcx:subfield><marcx:subfield code="d">kr. 299,00</marcx:subfield><marcx:subfield code="b">Gyldendal</marcx:subfield></marcx:datafield><marcx:datafield tag="021" ind1="0" ind2="0"><marcx:subfield code="d">Kr. 598,00</marcx:subfield><marcx:subfield code="b">til udlån</marcx:subfield><marcx:subfield code="b">DBC</marcx:subfield><marcx:subfield code="n">09891566</marcx:subfield></marcx:datafield><marcx:datafield tag="021" ind1="0" ind2="0"><marcx:subfield code="d">Kr. 598,00</marcx:subfield><marcx:subfield code="b">til udlån</marcx:subfield><marcx:subfield code="b">IBC</marcx:subfield></marcx:datafield><marcx:datafield tag="032" ind1="0" ind2="0"><marcx:subfield code="a">DBF199909</marcx:subfield><marcx:subfield code="x">BØK199902</marcx:subfield><marcx:subfield code="x">SKO200001</marcx:subfield><marcx:subfield code="x">SFD199912</marcx:subfield><marcx:subfield code="x">CDR199907</marcx:subfield><marcx:subfield code="x">UTI199910</marcx:subfield><marcx:subfield code="x">MID199901</marcx:subfield></marcx:datafield><marcx:datafield tag="245" ind1="0" ind2="0"><marcx:subfield code="a">Leg med Peter Pedal</marcx:subfield><marcx:subfield code="e">forfattere: Margret og H.A. Rey</marcx:subfield><marcx:subfield code="e">originale tegninger: H.A. Rey</marcx:subfield><marcx:subfield code="f">oversættelse: Kirsten Trolle</marcx:subfield></marcx:datafield><marcx:datafield tag="260" ind1="0" ind2="0"><marcx:subfield code="a">[Kbh.]</marcx:subfield><marcx:subfield code="b">Gyldendal</marcx:subfield><marcx:subfield code="f">[Ballerup]</marcx:subfield><marcx:subfield code="g">[samt eksp. DBC medier]</marcx:subfield><marcx:subfield code="g">[samt eksp. Indbindingscentralen]</marcx:subfield><marcx:subfield code="c">[1999]</marcx:subfield></marcx:datafield><marcx:datafield tag="300" ind1="0" ind2="0"><marcx:subfield code="n">1 cd-rom</marcx:subfield><marcx:subfield code="b">lyd, farve</marcx:subfield><marcx:subfield code="d">1 bilag</marcx:subfield></marcx:datafield><marcx:datafield tag="501" ind1="0" ind2="0"><marcx:subfield code="a">Pc, 486/66 MHz; 8 MB ram; Windows 3.x eller Windows 95; skærm (640×480 billedopløsning, 256 farver); 2× cd-rom-drev; lydkort</marcx:subfield></marcx:datafield><marcx:datafield tag="501" ind1="0" ind2="0"><marcx:subfield code="a">Macintosh, 040 eller Power Pc; 8 MB ram; System 7.0; skærm (256 farver); 2× cd-rom-drev</marcx:subfield></marcx:datafield><marcx:datafield tag="504" ind1="0" ind2="0"><marcx:subfield code="&amp;">1</marcx:subfield><marcx:subfield code="a">Sammen med Peter Pedal går du på opdagelse i isbutikken. Du kan tage ud i rummet og fange figurer. Du kan kaste med kager efter klovnene, synge en sang, lægge puslespil, og måske kan du hjælpe Peter Pedal med at samle alle frugterne op igen. Du kan også printe historien ud og læse den bagefter</marcx:subfield></marcx:datafield><marcx:datafield tag="505" ind1="0" ind2="0"><marcx:subfield code="&amp;">1</marcx:subfield><marcx:subfield code="a">Interaktivt multimedieprogram</marcx:subfield></marcx:datafield><marcx:datafield tag="512" ind1="0" ind2="0"><marcx:subfield code="a">Titlen hentet fra cd-rometiket</marcx:subfield></marcx:datafield><marcx:datafield tag="512" ind1="0" ind2="0"><marcx:subfield code="i">På omslaget fejlagtigt</marcx:subfield><marcx:subfield code="e">Margarat og H.A. Rey</marcx:subfield></marcx:datafield><marcx:datafield tag="512" ind1="0" ind2="0"><marcx:subfield code="a">Installationsvejledning på omslag</marcx:subfield></marcx:datafield><marcx:datafield tag="512" ind1="0" ind2="0"><marcx:subfield code="i">Danske stemmer</marcx:subfield><marcx:subfield code="e">Solbjørg Højfeldt</marcx:subfield><marcx:subfield code="e">Thomas Mørk</marcx:subfield></marcx:datafield><marcx:datafield tag="517" ind1="0" ind2="0"><marcx:subfield code="&amp;">1</marcx:subfield><marcx:subfield code="a">Fra 3 år</marcx:subfield></marcx:datafield><marcx:datafield tag="652" ind1="0" ind2="0"><marcx:subfield code="m">79.41</marcx:subfield></marcx:datafield><marcx:datafield tag="666" ind1="0" ind2="0"><marcx:subfield code="0"/><marcx:subfield code="o">leg og lær</marcx:subfield></marcx:datafield><marcx:datafield tag="666" ind1="0" ind2="0"><marcx:subfield code="0"/><marcx:subfield code="o">computerspil</marcx:subfield></marcx:datafield><marcx:datafield tag="700" ind1="0" ind2="0"><marcx:subfield code="0"/><marcx:subfield code="a">Rey</marcx:subfield><marcx:subfield code="h">Margret</marcx:subfield></marcx:datafield><marcx:datafield tag="700" ind1="0" ind2="0"><marcx:subfield code="0"/><marcx:subfield code="a">Rey</marcx:subfield><marcx:subfield code="h">H. A.</marcx:subfield></marcx:datafield><marcx:datafield tag="745" ind1="0" ind2="0"><marcx:subfield code="a">Peter Pedal</marcx:subfield></marcx:datafield><marcx:datafield tag="990" ind1="0" ind2="0"><marcx:subfield code="a">SFD</marcx:subfield><marcx:subfield code="b">S</marcx:subfield><marcx:subfield code="b">B</marcx:subfield><marcx:subfield code="c">A</marcx:subfield><marcx:subfield code="o">199909</marcx:subfield></marcx:datafield><marcx:datafield tag="990" ind1="0" ind2="0"><marcx:subfield code="a">SFD</marcx:subfield><marcx:subfield code="b">S</marcx:subfield><marcx:subfield code="b">B</marcx:subfield><marcx:subfield code="c">A</marcx:subfield><marcx:subfield code="m">Tidligere optaget i A(BS)-fortegnelse 199909 med eksp. Gyldendal samt eksp. DBC medier. Tilbydes nu også fra Indbindingscentralen.</marcx:subfield><marcx:subfield code="o">199912</marcx:subfield></marcx:datafield><marcx:datafield tag="991" ind1="0" ind2="0"><marcx:subfield code="o">Tidligere optaget i A(BS)-fortegnelse 199909 med eksp. Gyldendal samt eksp. DBC medier. Tilbydes nu også fra Indbindingscentralen</marcx:subfield></marcx:datafield><marcx:datafield tag="996" ind1="0" ind2="0"><marcx:subfield code="a">DBC</marcx:subfield></marcx:datafield></marcx:record>