
<marcx:record format="danMARC2" type="Bibliographic" xmlns:marcx="info:lc/xmlns/marcxchange-v1"><marcx:leader>00000n    2200000   4500</marcx:leader><marcx:datafield tag="001" ind1="0" ind2="0"><marcx:subfield code="a">22369954</marcx:subfield><marcx:subfield code="b">191919</marcx:subfield><marcx:subfield code="c">19990705085136</marcx:subfield><marcx:subfield code="d">19990212</marcx:subfield><marcx:subfield code="f">a</marcx:subfield></marcx:datafield><marcx:datafield tag="004" ind1="0" ind2="0"><marcx:subfield code="r">n</marcx:subfield><marcx:subfield code="a">e</marcx:subfield></marcx:datafield><marcx:datafield tag="005" ind1="0" ind2="0"><marcx:subfield code="z">p</marcx:subfield></marcx:datafield><marcx:datafield tag="008" ind1="0" ind2="0"><marcx:subfield code="t">m</marcx:subfield><marcx:subfield code="u">f</marcx:subfield><marcx:subfield code="a">1999</marcx:subfield><marcx:subfield code="b">dk</marcx:subfield><marcx:subfield code="k">b</marcx:subfield><marcx:subfield code="l">dan</marcx:subfield><marcx:subfield code="v">0</marcx:subfield></marcx:datafield><marcx:datafield tag="009" ind1="0" ind2="0"><marcx:subfield code="a">r</marcx:subfield><marcx:subfield code="g">xh</marcx:subfield></marcx:datafield><marcx:datafield tag="021" ind1="0" ind2="0"><marcx:subfield code="n">81943</marcx:subfield><marcx:subfield code="d">kr. 735,00</marcx:subfield></marcx:datafield><marcx:datafield tag="032" ind1="0" ind2="0"><marcx:subfield code="x">SFA199909</marcx:subfield><marcx:subfield code="a">DLF199917</marcx:subfield><marcx:subfield code="x">DAT199930</marcx:subfield></marcx:datafield><marcx:datafield tag="100" ind1="0" ind2="0"><marcx:subfield code="0"/><marcx:subfield code="a">Larsen</marcx:subfield><marcx:subfield code="h">Trine</marcx:subfield></marcx:datafield><marcx:datafield tag="245" ind1="0" ind2="0"><marcx:subfield code="a">Alexandra</marcx:subfield><marcx:subfield code="e">Trine Larsen</marcx:subfield><marcx:subfield code="e">indtalt af: \Agnete Wahl\</marcx:subfield><marcx:subfield code="ø">Ved Agnete Wahl</marcx:subfield></marcx:datafield><marcx:datafield tag="260" ind1="0" ind2="0"><marcx:subfield code="a">Bagsværd</marcx:subfield><marcx:subfield code="b">Carlsen Lydbøger</marcx:subfield><marcx:subfield code="c">1999</marcx:subfield></marcx:datafield><marcx:datafield tag="300" ind1="0" ind2="0"><marcx:subfield code="n">4 kassettebånd i 1 mappe</marcx:subfield><marcx:subfield code="l">5 t., 29 min.</marcx:subfield></marcx:datafield><marcx:datafield tag="504" ind1="0" ind2="0"><marcx:subfield code="&amp;">1</marcx:subfield><marcx:subfield code="a">Om prinsesse Alexandra (f. 1964), som hun er kendt i medierne. Der berettes om hendes liv i Hong Kong, om mødet med prins Joachim, forlovelsen, brylluppet, hverdagen, de mange pligter og rejser</marcx:subfield></marcx:datafield><marcx:datafield tag="520" ind1="0" ind2="0"><marcx:subfield code="a">Gengivelse af bogen</marcx:subfield></marcx:datafield><marcx:datafield tag="520" ind1="0" ind2="0"><marcx:subfield code="a">Indlæst efter udgaven: Kbh. : Møntergården, 1998</marcx:subfield></marcx:datafield><marcx:datafield tag="600" ind1="0" ind2="0"><marcx:subfield code="a">Alexandra</marcx:subfield><marcx:subfield code="f">prinsesse</marcx:subfield></marcx:datafield><marcx:datafield tag="600" ind1="0" ind2="0"><marcx:subfield code="a">Joachim</marcx:subfield><marcx:subfield code="f">prins af Danmark</marcx:subfield></marcx:datafield><marcx:datafield tag="652" ind1="0" ind2="0"><marcx:subfield code="m">99.4</marcx:subfield><marcx:subfield code="a">Alexandra</marcx:subfield><marcx:subfield code="f">prinsesse</marcx:subfield></marcx:datafield><marcx:datafield tag="666" ind1="0" ind2="0"><marcx:subfield code="0"/><marcx:subfield code="o">biografier</marcx:subfield></marcx:datafield><marcx:datafield tag="700" ind1="0" ind2="0"><marcx:subfield code="0"/><marcx:subfield code="a">Wahl</marcx:subfield><marcx:subfield code="h">Agnete</marcx:subfield></marcx:datafield><marcx:datafield tag="990" ind1="0" ind2="0"><marcx:subfield code="a">SFA</marcx:subfield><marcx:subfield code="b">F</marcx:subfield><marcx:subfield code="o">199909</marcx:subfield></marcx:datafield><marcx:datafield tag="991" ind1="0" ind2="0"><marcx:subfield code="o">Bogen optaget i A-fortegnelse 199850 (2 228 573 4)</marcx:subfield></marcx:datafield><marcx:datafield tag="996" ind1="0" ind2="0"><marcx:subfield code="a">DBC</marcx:subfield></marcx:datafield></marcx:record>