
<record xsi:schemaLocation="http://www.loc.gov/standards/iso25577/marcxchange-1-1.xsd" xmlns="info:lc/xmlns/marcxchange-v1" xmlns:xsi="http://www.w3.org/2001/XMLSchema-instance"><leader>00000n    2200000   4500</leader><datafield tag="001" ind1="0" ind2="0"><subfield code="a">45705668</subfield><subfield code="b">191919</subfield><subfield code="c">20150827140709</subfield><subfield code="d">20150827</subfield><subfield code="f">a</subfield></datafield><datafield tag="002" ind1="0" ind2="0"><subfield code="b">715900</subfield><subfield code="c">90104934</subfield><subfield code="x">71590090104934</subfield></datafield><datafield tag="004" ind1="0" ind2="0"><subfield code="a">e</subfield><subfield code="r">c</subfield></datafield><datafield tag="008" ind1="0" ind2="0"><subfield code="t">m</subfield><subfield code="v">0</subfield><subfield code="u">f</subfield><subfield code="a">1954</subfield><subfield code="b">dk</subfield><subfield code="l">dan</subfield></datafield><datafield tag="009" ind1="0" ind2="0"><subfield code="a">a</subfield><subfield code="g">xx</subfield></datafield><datafield tag="245" ind1="0" ind2="0"><subfield code="a">Gladsakse Kirke</subfield><subfield code="ø">Særtryk</subfield></datafield><datafield tag="260" ind1="0" ind2="0"><subfield code="c">1954</subfield></datafield><datafield tag="300" ind1="0" ind2="0"><subfield code="a">Side 357-372</subfield><subfield code="b">ill.</subfield></datafield><datafield tag="512" ind1="0" ind2="0"><subfield code="a">Særtryk af: Danmarks kirker, bind 3,1</subfield></datafield><datafield tag="532" ind1="0" ind2="0"><subfield code="a">Kilder og henvisninger: side 372</subfield></datafield><datafield tag="652" ind1="0" ind2="0"><subfield code="m">71.864</subfield><subfield code="b">Gladsaxe</subfield></datafield><datafield tag="666" ind1="0" ind2="0"><subfield code="e">Danmark</subfield></datafield><datafield tag="666" ind1="0" ind2="0"><subfield code="e">Gladsaxe</subfield></datafield><datafield tag="666" ind1="0" ind2="0"><subfield code="f">kirker</subfield></datafield><datafield tag="666" ind1="0" ind2="0"><subfield code="f">kirkebygninger</subfield></datafield><datafield tag="666" ind1="0" ind2="0"><subfield code="f">kirkearkitektur</subfield></datafield><datafield tag="745" ind1="0" ind2="0"><subfield code="a">Gladsaxe Kirke</subfield></datafield><datafield tag="996" ind1="0" ind2="0"><subfield code="a">715900</subfield></datafield></record>