
<record xsi:schemaLocation="http://www.loc.gov/standards/iso25577/marcxchange-1-1.xsd" xmlns="info:lc/xmlns/marcxchange-v1" xmlns:xsi="http://www.w3.org/2001/XMLSchema-instance"><leader>00000n    2200000   4500</leader><datafield tag="001" ind1="0" ind2="0"><subfield code="a">45705676</subfield><subfield code="b">191919</subfield><subfield code="c">20150827140718</subfield><subfield code="d">20150827</subfield><subfield code="f">a</subfield></datafield><datafield tag="002" ind1="0" ind2="0"><subfield code="b">715900</subfield><subfield code="c">90398482</subfield><subfield code="x">71590090398482</subfield></datafield><datafield tag="004" ind1="0" ind2="0"><subfield code="r">c</subfield><subfield code="a">e</subfield></datafield><datafield tag="008" ind1="0" ind2="0"><subfield code="t">m</subfield><subfield code="u">f</subfield><subfield code="a">2000</subfield><subfield code="b">us</subfield><subfield code="l">eng</subfield><subfield code="v">0</subfield></datafield><datafield tag="009" ind1="0" ind2="0"><subfield code="a">a</subfield><subfield code="g">xx</subfield></datafield><datafield tag="021" ind1="0" ind2="0"><subfield code="a">1-55566-249-8</subfield><subfield code="c">pbk.</subfield><subfield code="d">kr. 156,00</subfield></datafield><datafield tag="100" ind1="0" ind2="0"><subfield code="a">Rashid</subfield><subfield code="h">Mark</subfield></datafield><datafield tag="245" ind1="0" ind2="0"><subfield code="a">Horses never lie</subfield><subfield code="c">the heart of passive leadership</subfield><subfield code="e">Mark Rashid</subfield><subfield code="f">illustrations by Greg Miles</subfield></datafield><datafield tag="260" ind1="0" ind2="0"><subfield code="a">Boulder, Colo.</subfield><subfield code="b">Johnson Books</subfield><subfield code="c">2000</subfield></datafield><datafield tag="300" ind1="0" ind2="0"><subfield code="a">xiv, 169 sider</subfield><subfield code="b">ill.</subfield></datafield><datafield tag="652" ind1="0" ind2="0"><subfield code="m">63.61</subfield></datafield><datafield tag="666" ind1="0" ind2="0"><subfield code="f">heste</subfield></datafield><datafield tag="666" ind1="0" ind2="0"><subfield code="f">hestesport</subfield></datafield><datafield tag="666" ind1="0" ind2="0"><subfield code="f">adfærd</subfield></datafield><datafield tag="666" ind1="0" ind2="0"><subfield code="f">træning</subfield></datafield><datafield tag="996" ind1="0" ind2="0"><subfield code="a">715900</subfield></datafield></record>