
<record xsi:schemaLocation="http://www.loc.gov/standards/iso25577/marcxchange-1-1.xsd" xmlns="info:lc/xmlns/marcxchange-v1" xmlns:xsi="http://www.w3.org/2001/XMLSchema-instance"><leader>00000n    2200000   4500</leader><datafield tag="001" ind1="0" ind2="0"><subfield code="a">45705684</subfield><subfield code="b">191919</subfield><subfield code="c">20150827140721</subfield><subfield code="d">20150827</subfield><subfield code="f">a</subfield></datafield><datafield tag="002" ind1="0" ind2="0"><subfield code="b">715900</subfield><subfield code="c">90420119</subfield><subfield code="x">71590090420119</subfield></datafield><datafield tag="004" ind1="0" ind2="0"><subfield code="r">c</subfield><subfield code="a">e</subfield></datafield><datafield tag="008" ind1="0" ind2="0"><subfield code="t">m</subfield><subfield code="u">f</subfield><subfield code="a">2003</subfield><subfield code="b">gb</subfield><subfield code="l">eng</subfield><subfield code="v">0</subfield></datafield><datafield tag="009" ind1="0" ind2="0"><subfield code="a">a</subfield><subfield code="g">xx</subfield></datafield><datafield tag="021" ind1="0" ind2="0"><subfield code="a">3-7913-3026-8</subfield><subfield code="d">kr. 435,00</subfield></datafield><datafield tag="245" ind1="0" ind2="0"><subfield code="a">Peter Paul Rubens</subfield><subfield code="c">a touch of brilliance</subfield><subfield code="c">oil sketches and related works from The State Hermitage Museum and The Courtauld Institute Gallery</subfield><subfield code="e">by Stephanie-Suzanne Durante...[et al.]</subfield></datafield><datafield tag="260" ind1="0" ind2="0"><subfield code="a">London</subfield><subfield code="b">Prestel</subfield><subfield code="c">2004</subfield></datafield><datafield tag="300" ind1="0" ind2="0"><subfield code="a">127 sider</subfield><subfield code="b">ill. (nogle i farver)</subfield></datafield><datafield tag="507" ind1="0" ind2="0"><subfield code="a">Udtillingskatalog udarbejdet i forbindelse med udstilling i Hermitage Rooms, Courtauld Institute of Art, London fra den 20. september 2003 til den 8. februar 2004</subfield></datafield><datafield tag="600" ind1="0" ind2="0"><subfield code="a">Rubens</subfield><subfield code="h">Peter Paul</subfield></datafield><datafield tag="652" ind1="0" ind2="0"><subfield code="m">99.4</subfield><subfield code="a">Rubens</subfield><subfield code="h">Peter Paul</subfield></datafield><datafield tag="652" ind1="0" ind2="0"><subfield code="p">72</subfield></datafield><datafield tag="666" ind1="0" ind2="0"><subfield code="f">malerkunst</subfield></datafield><datafield tag="666" ind1="0" ind2="0"><subfield code="f">hollandsk malerkunst</subfield></datafield><datafield tag="700" ind1="0" ind2="0"><subfield code="a">Durante</subfield><subfield code="h">Stephanie-Suzanne</subfield></datafield><datafield tag="996" ind1="0" ind2="0"><subfield code="a">715900</subfield></datafield></record>