
<record xsi:schemaLocation="http://www.loc.gov/standards/iso25577/marcxchange-1-1.xsd" xmlns="info:lc/xmlns/marcxchange-v1" xmlns:xsi="http://www.w3.org/2001/XMLSchema-instance"><leader>00000n    2200000   4500</leader><datafield tag="001" ind1="0" ind2="0"><subfield code="a">45705692</subfield><subfield code="b">191919</subfield><subfield code="c">20150827140726</subfield><subfield code="d">20150827</subfield><subfield code="f">a</subfield></datafield><datafield tag="002" ind1="0" ind2="0"><subfield code="b">715900</subfield><subfield code="c">90430130</subfield><subfield code="x">71590090430130</subfield></datafield><datafield tag="004" ind1="0" ind2="0"><subfield code="r">c</subfield><subfield code="a">e</subfield></datafield><datafield tag="008" ind1="0" ind2="0"><subfield code="t">m</subfield><subfield code="u">r</subfield><subfield code="a">1998</subfield><subfield code="b">us</subfield><subfield code="l">eng</subfield><subfield code="v">0</subfield></datafield><datafield tag="009" ind1="0" ind2="0"><subfield code="a">a</subfield><subfield code="g">xx</subfield></datafield><datafield tag="021" ind1="0" ind2="0"><subfield code="a">0-14-026566-X</subfield><subfield code="d">kr. 115,00</subfield></datafield><datafield tag="100" ind1="0" ind2="0"><subfield code="a">Coetzee</subfield><subfield code="h">J. M.</subfield></datafield><datafield tag="245" ind1="0" ind2="0"><subfield code="a">Boyhood</subfield><subfield code="c">scenes from provincial life</subfield><subfield code="e">J. M. Coetzee</subfield></datafield><datafield tag="250" ind1="0" ind2="0"><subfield code="a">Penguin Books</subfield><subfield code="b">÷</subfield></datafield><datafield tag="260" ind1="0" ind2="0"><subfield code="a">New York</subfield><subfield code="b">Penguin Books</subfield><subfield code="c">1998</subfield></datafield><datafield tag="300" ind1="0" ind2="0"><subfield code="a">166 sider</subfield></datafield><datafield tag="504" ind1="0" ind2="0"><subfield code="a">Erindringsroman fra en trøstesløs forstad til Cape Town, hvor drengen omkring år 1950 kæmper for at finde sin identitet, forstå familiens sociale deroute, respektere sin far og begribe det sydafrikanske samfunds spilleregler</subfield></datafield><datafield tag="520" ind1="0" ind2="0"><subfield code="a">Originaludgave: 1997</subfield></datafield><datafield tag="526" ind1="0" ind2="0"><subfield code="a">Samhørende: Boyhood; Youth</subfield></datafield><datafield tag="652" ind1="0" ind2="0"><subfield code="m">83</subfield></datafield><datafield tag="996" ind1="0" ind2="0"><subfield code="a">715900</subfield></datafield></record>