
<marcx:record format="danMARC2" type="Bibliographic" xmlns:marcx="info:lc/xmlns/marcxchange-v1"><marcx:leader>00000n    2200000   4500</marcx:leader><marcx:datafield tag="001" ind1="0" ind2="0"><marcx:subfield code="a">22368435</marcx:subfield><marcx:subfield code="b">191919</marcx:subfield><marcx:subfield code="c">19990228231349</marcx:subfield><marcx:subfield code="d">19990210</marcx:subfield><marcx:subfield code="f">a</marcx:subfield></marcx:datafield><marcx:datafield tag="004" ind1="0" ind2="0"><marcx:subfield code="r">n</marcx:subfield><marcx:subfield code="a">e</marcx:subfield></marcx:datafield><marcx:datafield tag="008" ind1="0" ind2="0"><marcx:subfield code="t">s</marcx:subfield><marcx:subfield code="u">f</marcx:subfield><marcx:subfield code="a">1998</marcx:subfield><marcx:subfield code="b">nl</marcx:subfield><marcx:subfield code="v">0</marcx:subfield></marcx:datafield><marcx:datafield tag="009" ind1="0" ind2="0"><marcx:subfield code="a">s</marcx:subfield><marcx:subfield code="g">xc</marcx:subfield><marcx:subfield code="b">a</marcx:subfield><marcx:subfield code="h">xx</marcx:subfield></marcx:datafield><marcx:datafield tag="021" ind1="0" ind2="0"><marcx:subfield code="d">kr. 480,00</marcx:subfield></marcx:datafield><marcx:datafield tag="032" ind1="0" ind2="0"><marcx:subfield code="x">SFG199908</marcx:subfield></marcx:datafield><marcx:datafield tag="039" ind1="0" ind2="0"><marcx:subfield code="a">kam</marcx:subfield></marcx:datafield><marcx:datafield tag="100" ind1="0" ind2="0"><marcx:subfield code="a">Mozart</marcx:subfield><marcx:subfield code="h">Wolfgang Amadeus</marcx:subfield></marcx:datafield><marcx:datafield tag="239" ind1="0" ind2="0"><marcx:subfield code="t">Kvartetter for 2 violiner, viola og violoncel</marcx:subfield><marcx:subfield code="ø">Den ¤Italienske Kvartet</marcx:subfield></marcx:datafield><marcx:datafield tag="245" ind1="0" ind2="0"><marcx:subfield code="a">The ¤string quartets</marcx:subfield><marcx:subfield code="e">Mozart</marcx:subfield><marcx:subfield code="e">Quartetto Italiano</marcx:subfield></marcx:datafield><marcx:datafield tag="260" ind1="0" ind2="0"><marcx:subfield code="a">[S.l.]</marcx:subfield><marcx:subfield code="b">Philips</marcx:subfield><marcx:subfield code="c">p 1998</marcx:subfield></marcx:datafield><marcx:datafield tag="300" ind1="0" ind2="0"><marcx:subfield code="n">8 cd'er</marcx:subfield><marcx:subfield code="D">1 hæfte</marcx:subfield><marcx:subfield code="d">1 kommentarhæfte</marcx:subfield></marcx:datafield><marcx:datafield tag="440" ind1="0" ind2="0"><marcx:subfield code="a">Classics</marcx:subfield></marcx:datafield><marcx:datafield tag="512" ind1="0" ind2="0"><marcx:subfield code="a">Indspillet i La Chaux-de-Fonds, Schweiz 1966-1973</marcx:subfield></marcx:datafield><marcx:datafield tag="531" ind1="0" ind2="0"><marcx:subfield code="a">Indhold:</marcx:subfield></marcx:datafield><marcx:datafield tag="538" ind1="0" ind2="0"><marcx:subfield code="f">Philips</marcx:subfield><marcx:subfield code="g">462262-2</marcx:subfield></marcx:datafield><marcx:datafield tag="652" ind1="0" ind2="0"><marcx:subfield code="m">78.421</marcx:subfield><marcx:subfield code="v">4</marcx:subfield></marcx:datafield><marcx:datafield tag="652" ind1="0" ind2="0"><marcx:subfield code="å">11</marcx:subfield><marcx:subfield code="i">78.421</marcx:subfield><marcx:subfield code="v">4</marcx:subfield><marcx:subfield code="i">78.421</marcx:subfield><marcx:subfield code="v">4</marcx:subfield><marcx:subfield code="i">78.421</marcx:subfield><marcx:subfield code="v">4</marcx:subfield><marcx:subfield code="i">78.421</marcx:subfield><marcx:subfield code="v">4</marcx:subfield><marcx:subfield code="i">78.421</marcx:subfield><marcx:subfield code="v">4</marcx:subfield><marcx:subfield code="i">78.421</marcx:subfield><marcx:subfield code="v">4</marcx:subfield><marcx:subfield code="i">78.421</marcx:subfield><marcx:subfield code="v">4</marcx:subfield><marcx:subfield code="i">78.421</marcx:subfield><marcx:subfield code="v">4</marcx:subfield><marcx:subfield code="i">78.421</marcx:subfield><marcx:subfield code="v">4</marcx:subfield><marcx:subfield code="i">78.421</marcx:subfield><marcx:subfield code="v">4</marcx:subfield><marcx:subfield code="i">78.421</marcx:subfield><marcx:subfield code="v">4</marcx:subfield><marcx:subfield code="i">78.421</marcx:subfield><marcx:subfield code="v">4</marcx:subfield><marcx:subfield code="i">78.421</marcx:subfield><marcx:subfield code="v">4</marcx:subfield><marcx:subfield code="i">78.421</marcx:subfield><marcx:subfield code="v">4</marcx:subfield><marcx:subfield code="i">78.421</marcx:subfield><marcx:subfield code="v">4</marcx:subfield><marcx:subfield code="i">78.421</marcx:subfield><marcx:subfield code="v">4</marcx:subfield><marcx:subfield code="i">78.421</marcx:subfield><marcx:subfield code="v">4</marcx:subfield><marcx:subfield code="i">78.421</marcx:subfield><marcx:subfield code="v">4</marcx:subfield><marcx:subfield code="i">78.421</marcx:subfield><marcx:subfield code="v">4</marcx:subfield><marcx:subfield code="i">78.421</marcx:subfield><marcx:subfield code="v">4</marcx:subfield><marcx:subfield code="i">78.421</marcx:subfield><marcx:subfield code="v">4</marcx:subfield><marcx:subfield code="i">78.421</marcx:subfield><marcx:subfield code="v">4</marcx:subfield><marcx:subfield code="i">78.421</marcx:subfield><marcx:subfield code="v">4</marcx:subfield></marcx:datafield><marcx:datafield tag="666" ind1="0" ind2="0"><marcx:subfield code="0"/><marcx:subfield code="m">wienerklassik</marcx:subfield><marcx:subfield code="m">klassik</marcx:subfield><marcx:subfield code="m">kammermusik</marcx:subfield><marcx:subfield code="n">strygekvartet</marcx:subfield><marcx:subfield code="p">1770-1779</marcx:subfield><marcx:subfield code="p">1780-1789</marcx:subfield><marcx:subfield code="l">Østrig</marcx:subfield></marcx:datafield><marcx:datafield tag="710" ind1="0" ind2="0"><marcx:subfield code="a">Den ¤Italienske Kvartet</marcx:subfield></marcx:datafield><marcx:datafield tag="770" ind1="0" ind2="0"><marcx:subfield code="å">11</marcx:subfield><marcx:subfield code="a">Mozart</marcx:subfield><marcx:subfield code="h">Wolfgang Amadeus</marcx:subfield></marcx:datafield><marcx:datafield tag="795" ind1="0" ind2="0"><marcx:subfield code="å">11</marcx:subfield><marcx:subfield code="a">Kvartet for 2 violiner, viola og violoncel nr. 1, G-dur, Köchel 80</marcx:subfield><marcx:subfield code="a">Kvartet for 2 violiner, viola og violoncel nr. 2, D-dur, Köchel 155</marcx:subfield><marcx:subfield code="a">Kvartet for 2 violiner, viola og violoncel nr. 3, G-dur, Köchel 156</marcx:subfield><marcx:subfield code="a">Kvartet for 2 violiner, viola og violoncel nr. 4, C-dur, Köchel 157</marcx:subfield><marcx:subfield code="a">Kvartet for 2 violiner, viola og violoncel nr. 5, F-dur, Köchel 158</marcx:subfield><marcx:subfield code="a">Kvartet for 2 violiner, viola og violoncel nr. 6, B-dur, Köchel 159</marcx:subfield><marcx:subfield code="a">Kvartet for 2 violiner, viola og violoncel nr. 7, Es-dur, Köchel 160</marcx:subfield><marcx:subfield code="a">Kvartet for 2 violiner, viola og violoncel nr. 8, F-dur, Köchel 168</marcx:subfield><marcx:subfield code="a">Kvartet for 2 violiner, viola og violoncel nr. 9, A-dur, Köchel 169</marcx:subfield><marcx:subfield code="a">Kvartet for 2 violiner, viola og violoncel nr. 10, C-dur, Köchel 170</marcx:subfield><marcx:subfield code="a">Kvartet for 2 violiner, viola og violoncel nr. 11, Es-dur, Köchel 171</marcx:subfield><marcx:subfield code="a">Kvartet for 2 violiner, viola og violoncel nr. 12, B-dur, Köchel 172</marcx:subfield><marcx:subfield code="a">Kvartet for 2 violiner, viola og violoncel nr. 13, d-mol, Köchel 173</marcx:subfield><marcx:subfield code="a">Kvartet for 2 violiner, viola og violoncel nr. 14, G-dur, Köchel 387</marcx:subfield><marcx:subfield code="a">Kvartet for 2 violiner, viola og violoncel nr. 15, d-mol, Köchel 421</marcx:subfield><marcx:subfield code="a">Kvartet for 2 violiner, viola og violoncel nr. 16, Es-dur, Köchel 428</marcx:subfield><marcx:subfield code="a">Kvartet for 2 violiner, viola og violoncel nr. 17, B-dur, Köchel 458</marcx:subfield><marcx:subfield code="u">Jagtkvartet</marcx:subfield><marcx:subfield code="a">Kvartet for 2 violiner, viola og violoncel nr. 18, A-dur, Köchel 464</marcx:subfield><marcx:subfield code="a">Kvartet for 2 violiner, viola og violoncel nr. 19, C-dur, Köchel 465</marcx:subfield><marcx:subfield code="u">Dissonanskvartet</marcx:subfield><marcx:subfield code="a">Kvartet for 2 violiner, viola og violoncel nr. 20, D-dur, Köchel 499</marcx:subfield><marcx:subfield code="a">Kvartet for 2 violiner, viola og violoncel nr. 21, D-dur, Köchel 575</marcx:subfield><marcx:subfield code="a">Kvartet for 2 violiner, viola og violoncel nr. 22, B-dur, Köchel 589</marcx:subfield><marcx:subfield code="a">Kvartet for 2 violiner, viola og violoncel nr. 23, F-dur, Köchel 590</marcx:subfield></marcx:datafield><marcx:datafield tag="990" ind1="0" ind2="0"><marcx:subfield code="a">SFG</marcx:subfield><marcx:subfield code="c">C</marcx:subfield><marcx:subfield code="o">199908</marcx:subfield><marcx:subfield code="t">12.03.99</marcx:subfield></marcx:datafield><marcx:datafield tag="996" ind1="0" ind2="0"><marcx:subfield code="a">DBC</marcx:subfield></marcx:datafield></marcx:record>