
<record xsi:schemaLocation="http://www.loc.gov/standards/iso25577/marcxchange-1-1.xsd" xmlns="info:lc/xmlns/marcxchange-v1" xmlns:xsi="http://www.w3.org/2001/XMLSchema-instance"><leader>00000n    2200000   4500</leader><datafield tag="001" ind1="0" ind2="0"><subfield code="a">45705706</subfield><subfield code="b">191919</subfield><subfield code="c">20150827140726</subfield><subfield code="d">20150827</subfield><subfield code="f">a</subfield></datafield><datafield tag="002" ind1="0" ind2="0"><subfield code="b">715900</subfield><subfield code="c">90434675</subfield><subfield code="x">71590090434675</subfield></datafield><datafield tag="004" ind1="0" ind2="0"><subfield code="r">c</subfield><subfield code="a">e</subfield></datafield><datafield tag="008" ind1="0" ind2="0"><subfield code="t">m</subfield><subfield code="u">f</subfield><subfield code="a">2000</subfield><subfield code="b">gb</subfield><subfield code="l">eng</subfield><subfield code="v">0</subfield></datafield><datafield tag="009" ind1="0" ind2="0"><subfield code="a">a</subfield><subfield code="g">xx</subfield></datafield><datafield tag="021" ind1="0" ind2="0"><subfield code="a">1-84172-081-X</subfield><subfield code="d">kr. 360,00</subfield></datafield><datafield tag="100" ind1="0" ind2="0"><subfield code="a">Lee</subfield><subfield code="h">Vinny</subfield></datafield><datafield tag="245" ind1="0" ind2="0"><subfield code="a">Bathrooms</subfield><subfield code="e">Vinny Lee</subfield><subfield code="f">photography Chris Everard</subfield></datafield><datafield tag="260" ind1="0" ind2="0"><subfield code="a">London</subfield><subfield code="b">Ryland Peters &amp; Small</subfield><subfield code="c">2000</subfield></datafield><datafield tag="300" ind1="0" ind2="0"><subfield code="a">191 sider</subfield><subfield code="b">ill. i farver</subfield></datafield><datafield tag="512" ind1="0" ind2="0"><subfield code="a">På omslaget: Creative planning for beautiful bathrooms</subfield></datafield><datafield tag="631" ind1="0" ind2="0"><subfield code="a">badeværelsesindretning</subfield></datafield><datafield tag="631" ind1="0" ind2="0"><subfield code="a">badeværelsesudstyr</subfield></datafield><datafield tag="652" ind1="0" ind2="0"><subfield code="m">64.55</subfield></datafield><datafield tag="666" ind1="0" ind2="0"><subfield code="f">badeværelser</subfield></datafield><datafield tag="666" ind1="0" ind2="0"><subfield code="f">indretning</subfield></datafield><datafield tag="996" ind1="0" ind2="0"><subfield code="a">715900</subfield></datafield></record>