
<marcx:record format="danMARC2" type="Bibliographic" xmlns:marcx="info:lc/xmlns/marcxchange-v1"><marcx:leader>00000n    2200000   4500</marcx:leader><marcx:datafield tag="001" ind1="0" ind2="0"><marcx:subfield code="a">22369016</marcx:subfield><marcx:subfield code="b">191919</marcx:subfield><marcx:subfield code="c">20150411130000</marcx:subfield><marcx:subfield code="d">19990210</marcx:subfield><marcx:subfield code="f">a</marcx:subfield></marcx:datafield><marcx:datafield tag="004" ind1="0" ind2="0"><marcx:subfield code="r">n</marcx:subfield><marcx:subfield code="a">e</marcx:subfield></marcx:datafield><marcx:datafield tag="006" ind1="0" ind2="0"><marcx:subfield code="d">15</marcx:subfield><marcx:subfield code="2">b</marcx:subfield></marcx:datafield><marcx:datafield tag="008" ind1="0" ind2="0"><marcx:subfield code="t">m</marcx:subfield><marcx:subfield code="u">f</marcx:subfield><marcx:subfield code="a">1999</marcx:subfield><marcx:subfield code="b">dk</marcx:subfield><marcx:subfield code="l">eng</marcx:subfield><marcx:subfield code="v">0</marcx:subfield></marcx:datafield><marcx:datafield tag="009" ind1="0" ind2="0"><marcx:subfield code="a">m</marcx:subfield><marcx:subfield code="g">nh</marcx:subfield></marcx:datafield><marcx:datafield tag="021" ind1="0" ind2="0"><marcx:subfield code="n">09873681</marcx:subfield><marcx:subfield code="d">kr. 1118,50</marcx:subfield><marcx:subfield code="b">brugsretskategori: C</marcx:subfield></marcx:datafield><marcx:datafield tag="032" ind1="0" ind2="0"><marcx:subfield code="a">DBI199913</marcx:subfield><marcx:subfield code="x">DAT990636</marcx:subfield></marcx:datafield><marcx:datafield tag="041" ind1="0" ind2="0"><marcx:subfield code="a">eng</marcx:subfield><marcx:subfield code="u">dan</marcx:subfield></marcx:datafield><marcx:datafield tag="245" ind1="0" ind2="0"><marcx:subfield code="a">Brassed off</marcx:subfield><marcx:subfield code="e">director of photography Andy Collins</marcx:subfield><marcx:subfield code="f">produced by Steve Abbott</marcx:subfield><marcx:subfield code="e">written &amp; directed by Mark Herman</marcx:subfield></marcx:datafield><marcx:datafield tag="260" ind1="0" ind2="0"><marcx:subfield code="a">[Kbh.]</marcx:subfield><marcx:subfield code="b">[A.B. Collection]</marcx:subfield><marcx:subfield code="f">[Ballerup]</marcx:subfield><marcx:subfield code="g">distribution: DBC medier</marcx:subfield><marcx:subfield code="c">[1999]</marcx:subfield></marcx:datafield><marcx:datafield tag="300" ind1="0" ind2="0"><marcx:subfield code="n">1 kassette</marcx:subfield><marcx:subfield code="e">VHS</marcx:subfield><marcx:subfield code="l">107 min.</marcx:subfield><marcx:subfield code="b">stereo</marcx:subfield></marcx:datafield><marcx:datafield tag="508" ind1="0" ind2="0"><marcx:subfield code="a">Engelsk tale med danske undertekster</marcx:subfield></marcx:datafield><marcx:datafield tag="512" ind1="0" ind2="0"><marcx:subfield code="i">Medvirkende</marcx:subfield><marcx:subfield code="e">Pete Postlethwaite, Tara Fitzgerald, Ewan McGregor, Jim Carter, Ken Colley, Peter Gunn, Mary Healey ... et al.</marcx:subfield></marcx:datafield><marcx:datafield tag="512" ind1="0" ind2="0"><marcx:subfield code="a">Originalfilmen: Storbritannien : Channel Four Films ; USA : Miramax Films, 1996</marcx:subfield></marcx:datafield><marcx:datafield tag="517" ind1="0" ind2="0"><marcx:subfield code="&amp;">1</marcx:subfield><marcx:subfield code="a">Mærkning: Tilladt for børn over 15 år</marcx:subfield></marcx:datafield><marcx:datafield tag="652" ind1="0" ind2="0"><marcx:subfield code="m">77.7</marcx:subfield></marcx:datafield><marcx:datafield tag="700" ind1="0" ind2="0"><marcx:subfield code="0"/><marcx:subfield code="a">Herman</marcx:subfield><marcx:subfield code="h">Mark</marcx:subfield></marcx:datafield><marcx:datafield tag="700" ind1="0" ind2="0"><marcx:subfield code="0"/><marcx:subfield code="a">Collins</marcx:subfield><marcx:subfield code="h">Andy</marcx:subfield></marcx:datafield><marcx:datafield tag="996" ind1="0" ind2="0"><marcx:subfield code="a">DBC</marcx:subfield></marcx:datafield></marcx:record>