
<record xsi:schemaLocation="http://www.loc.gov/standards/iso25577/marcxchange-1-1.xsd" xmlns="info:lc/xmlns/marcxchange-v1" xmlns:xsi="http://www.w3.org/2001/XMLSchema-instance"><leader>00000n    2200000   4500</leader><datafield tag="001" ind1="0" ind2="0"><subfield code="a">45705714</subfield><subfield code="b">191919</subfield><subfield code="c">20150827140729</subfield><subfield code="d">20150827</subfield><subfield code="f">a</subfield></datafield><datafield tag="002" ind1="0" ind2="0"><subfield code="b">715900</subfield><subfield code="c">90435663</subfield><subfield code="x">71590090435663</subfield></datafield><datafield tag="004" ind1="0" ind2="0"><subfield code="a">e</subfield><subfield code="r">c</subfield></datafield><datafield tag="008" ind1="0" ind2="0"><subfield code="t">s</subfield><subfield code="u">f</subfield><subfield code="a">2004</subfield><subfield code="b">gb</subfield><subfield code="l">eng</subfield><subfield code="v">0</subfield></datafield><datafield tag="009" ind1="0" ind2="0"><subfield code="a">s</subfield><subfield code="g">xc</subfield></datafield><datafield tag="039" ind1="0" ind2="0"><subfield code="a">jaa</subfield></datafield><datafield tag="245" ind1="0" ind2="0"><subfield code="a">The ¤best of Lady sings the blues</subfield></datafield><datafield tag="260" ind1="0" ind2="0"><subfield code="a">[S.l.]</subfield><subfield code="b">Virgin</subfield><subfield code="c">p 2004</subfield></datafield><datafield tag="300" ind1="0" ind2="0"><subfield code="n">2 cd'er</subfield></datafield><datafield tag="440" ind1="0" ind2="0"><subfield code="0"></subfield></datafield><datafield tag="531" ind1="0" ind2="0"><subfield code="a">Indhold:</subfield></datafield><datafield tag="538" ind1="0" ind2="0"><subfield code="f">EMI</subfield><subfield code="g">724357705929</subfield></datafield><datafield tag="652" ind1="0" ind2="0"><subfield code="m">78.7931</subfield></datafield><datafield tag="666" ind1="0" ind2="0"><subfield code="m">jazz</subfield><subfield code="m">evergreen</subfield><subfield code="m">soul</subfield><subfield code="m">rhythm &amp; blues</subfield><subfield code="n">vokal</subfield><subfield code="p">1940-1949</subfield><subfield code="p">1950-1959</subfield><subfield code="p">1960-1969</subfield><subfield code="p">1970-1979</subfield><subfield code="p">1980-1989</subfield><subfield code="p">1990-1999</subfield><subfield code="p">2000-2009</subfield><subfield code="l">Europa</subfield><subfield code="l">USA</subfield></datafield><datafield tag="700" ind1="0" ind2="0"><subfield code="a">Whiteman</subfield><subfield code="h">Paul</subfield></datafield><datafield tag="700" ind1="0" ind2="0"><subfield code="a">Previn</subfield><subfield code="h">André</subfield></datafield><datafield tag="700" ind1="0" ind2="0"><subfield code="a">Feliciano</subfield><subfield code="h">José</subfield></datafield><datafield tag="700" ind1="0" ind2="0"><subfield code="a">Reeves</subfield><subfield code="h">Dianne</subfield></datafield><datafield tag="700" ind1="0" ind2="0"><subfield code="a">Jones</subfield><subfield code="h">Jimmy</subfield></datafield><datafield tag="700" ind1="0" ind2="0"><subfield code="a">Ellis</subfield><subfield code="h">Ray</subfield></datafield><datafield tag="710" ind1="0" ind2="0"><subfield code="a">The ¤Pips</subfield></datafield><datafield tag="770" ind1="0" ind2="0"><subfield code="å">11</subfield><subfield code="a">Melua</subfield><subfield code="h">Katie</subfield></datafield><datafield tag="770" ind1="0" ind2="0"><subfield code="å">12</subfield><subfield code="a">Hunter</subfield><subfield code="h">Charlie</subfield></datafield><datafield tag="770" ind1="0" ind2="0"><subfield code="å">13</subfield><subfield code="a">Washington</subfield><subfield code="h">Dinah</subfield></datafield><datafield tag="770" ind1="0" ind2="0"><subfield code="å">14</subfield><subfield code="a">London</subfield><subfield code="h">Julie</subfield></datafield><datafield tag="770" ind1="0" ind2="0"><subfield code="å">15</subfield><subfield code="a">Franklin</subfield><subfield code="h">Emma</subfield></datafield><datafield tag="770" ind1="0" ind2="0"><subfield code="å">16</subfield><subfield code="a">Staton</subfield><subfield code="h">Candi</subfield></datafield><datafield tag="770" ind1="0" ind2="0"><subfield code="å">17</subfield><subfield code="a">Franklin</subfield><subfield code="h">Aretha</subfield></datafield><datafield tag="770" ind1="0" ind2="0"><subfield code="å">18</subfield><subfield code="a">Basie</subfield><subfield code="h">Count</subfield></datafield><datafield tag="770" ind1="0" ind2="0"><subfield code="å">19</subfield><subfield code="a">Ross</subfield><subfield code="h">Diana</subfield></datafield><datafield tag="770" ind1="0" ind2="0"><subfield code="å">20</subfield><subfield code="a">Starr</subfield><subfield code="h">Kay</subfield></datafield><datafield tag="770" ind1="0" ind2="0"><subfield code="å">21</subfield><subfield code="a">Phillips</subfield><subfield code="h">Esther</subfield></datafield><datafield tag="770" ind1="0" ind2="0"><subfield code="å">22</subfield><subfield code="a">Holiday</subfield><subfield code="h">Billie</subfield></datafield><datafield tag="770" ind1="0" ind2="0"><subfield code="å">23</subfield><subfield code="a">Shore</subfield><subfield code="h">Dinah</subfield></datafield><datafield tag="770" ind1="0" ind2="0"><subfield code="å">24</subfield><subfield code="a">Simone</subfield><subfield code="h">Nina</subfield></datafield><datafield tag="770" ind1="0" ind2="0"><subfield code="å">25</subfield><subfield code="a">Wilson</subfield><subfield code="h">Nancy</subfield><subfield code="c">f. 1937</subfield></datafield><datafield tag="770" ind1="0" ind2="0"><subfield code="å">26</subfield><subfield code="a">Christy</subfield><subfield code="h">June</subfield></datafield><datafield tag="770" ind1="0" ind2="0"><subfield code="å">27</subfield><subfield code="a">Turner</subfield><subfield code="h">Tina</subfield></datafield><datafield tag="770" ind1="0" ind2="0"><subfield code="å">28</subfield><subfield code="a">Knight</subfield><subfield code="h">Gladys</subfield></datafield><datafield tag="770" ind1="0" ind2="0"><subfield code="å">29</subfield><subfield code="a">Thomas</subfield><subfield code="h">Irma</subfield></datafield><datafield tag="770" ind1="0" ind2="0"><subfield code="å">30</subfield><subfield code="a">Gentry</subfield><subfield code="h">Bobbie</subfield></datafield><datafield tag="770" ind1="0" ind2="0"><subfield code="å">31</subfield><subfield code="a">Riperton</subfield><subfield code="h">Minnie</subfield></datafield><datafield tag="770" ind1="0" ind2="0"><subfield code="å">32</subfield><subfield code="a">Shaw</subfield><subfield code="h">Marlena</subfield></datafield><datafield tag="770" ind1="0" ind2="0"><subfield code="å">33</subfield><subfield code="a">Jones</subfield><subfield code="h">Norah</subfield></datafield><datafield tag="770" ind1="0" ind2="0"><subfield code="å">34</subfield><subfield code="a">Fitzgerald</subfield><subfield code="h">Ella</subfield></datafield><datafield tag="770" ind1="0" ind2="0"><subfield code="å">35</subfield><subfield code="a">London</subfield><subfield code="h">Julie</subfield></datafield><datafield tag="770" ind1="0" ind2="0"><subfield code="å">36</subfield><subfield code="a">Lee</subfield><subfield code="h">Peggy</subfield></datafield><datafield tag="770" ind1="0" ind2="0"><subfield code="å">37</subfield><subfield code="a">Rawls</subfield><subfield code="h">Lou</subfield></datafield><datafield tag="770" ind1="0" ind2="0"><subfield code="å">38</subfield><subfield code="a">Vaughan</subfield><subfield code="h">Sarah</subfield></datafield><datafield tag="770" ind1="0" ind2="0"><subfield code="å">39</subfield><subfield code="a">Smith</subfield><subfield code="h">Keely</subfield></datafield><datafield tag="770" ind1="0" ind2="0"><subfield code="å">40</subfield><subfield code="a">Wilson</subfield><subfield code="h">Cassandra</subfield></datafield><datafield tag="770" ind1="0" ind2="0"><subfield code="å">41</subfield><subfield code="a">Jackson</subfield><subfield code="h">Millie</subfield></datafield><datafield tag="770" ind1="0" ind2="0"><subfield code="å">42</subfield><subfield code="a">Thomas</subfield><subfield code="h">Carla</subfield></datafield><datafield tag="770" ind1="0" ind2="0"><subfield code="å">44</subfield><subfield code="a">Cole</subfield><subfield code="h">Natalie</subfield></datafield><datafield tag="770" ind1="0" ind2="0"><subfield code="å">45</subfield><subfield code="a">Turner</subfield><subfield code="h">Ruby</subfield></datafield><datafield tag="770" ind1="0" ind2="0"><subfield code="å">46</subfield><subfield code="a">Peebles</subfield><subfield code="h">Ann</subfield></datafield><datafield tag="770" ind1="0" ind2="0"><subfield code="å">47</subfield><subfield code="a">Scott</subfield><subfield code="h">Peggy</subfield></datafield><datafield tag="770" ind1="0" ind2="0"><subfield code="å">48</subfield><subfield code="a">Horne</subfield><subfield code="h">Lena</subfield></datafield><datafield tag="770" ind1="0" ind2="0"><subfield code="å">49</subfield><subfield code="a">Rainey</subfield><subfield code="h">Sue</subfield></datafield><datafield tag="780" ind1="0" ind2="0"><subfield code="å">43</subfield><subfield code="a">The ¤Staple Singers</subfield></datafield><datafield tag="795" ind1="0" ind2="0"><subfield code="å">11</subfield><subfield code="a">The ¤closest thing to crazy</subfield></datafield><datafield tag="795" ind1="0" ind2="0"><subfield code="å">12</subfield><subfield code="a">More than this</subfield><subfield code="e">Charlie Hunter feat. Norah Jones</subfield></datafield><datafield tag="795" ind1="0" ind2="0"><subfield code="å">13</subfield><subfield code="a">Mad about the boy</subfield><subfield code="a">You're nobody 'til somebody loves you</subfield></datafield><datafield tag="795" ind1="0" ind2="0"><subfield code="å">14</subfield><subfield code="a">Cry me a river</subfield></datafield><datafield tag="795" ind1="0" ind2="0"><subfield code="å">15</subfield><subfield code="a">Piece of my heart</subfield></datafield><datafield tag="795" ind1="0" ind2="0"><subfield code="å">16</subfield><subfield code="a">How can I put out the flame (when you keep the fire burning)</subfield></datafield><datafield tag="795" ind1="0" ind2="0"><subfield code="å">17</subfield><subfield code="a">Today I sing the blues</subfield></datafield><datafield tag="795" ind1="0" ind2="0"><subfield code="å">18</subfield><subfield code="a">Lover man</subfield><subfield code="e">Count Basie &amp; Sarah Vaughan</subfield></datafield><datafield tag="795" ind1="0" ind2="0"><subfield code="å">19</subfield><subfield code="a">T'ain't nobody's bizness if I do (live)</subfield><subfield code="a">Lover man (oh where can you be) (live)</subfield></datafield><datafield tag="795" ind1="0" ind2="0"><subfield code="å">20</subfield><subfield code="a">Baby won't you please come home</subfield></datafield><datafield tag="795" ind1="0" ind2="0"><subfield code="å">21</subfield><subfield code="a">How blue can you get?</subfield></datafield><datafield tag="795" ind1="0" ind2="0"><subfield code="å">22</subfield><subfield code="a">Georgia on my mind</subfield><subfield code="a">Travellin' light</subfield><subfield code="e">Billie Holiday &amp; Paul Whiteman</subfield></datafield><datafield tag="795" ind1="0" ind2="0"><subfield code="å">23</subfield><subfield code="a">My funny Valentine</subfield><subfield code="e">Dinah Shore &amp; André Previn</subfield></datafield><datafield tag="795" ind1="0" ind2="0"><subfield code="å">24</subfield><subfield code="a">I loves you Porgy</subfield><subfield code="a">My baby just cares for me</subfield></datafield><datafield tag="795" ind1="0" ind2="0"><subfield code="å">25</subfield><subfield code="a">Wives and lovers</subfield><subfield code="a">All night long</subfield></datafield><datafield tag="795" ind1="0" ind2="0"><subfield code="å">26</subfield><subfield code="a">Looking for a boy</subfield></datafield><datafield tag="795" ind1="0" ind2="0"><subfield code="å">27</subfield><subfield code="a">Night time is the right time</subfield></datafield><datafield tag="795" ind1="0" ind2="0"><subfield code="å">28</subfield><subfield code="a">Midnight train to Georgia</subfield><subfield code="e">Gladis Knight &amp; The Pips</subfield></datafield><datafield tag="795" ind1="0" ind2="0"><subfield code="å">29</subfield><subfield code="a">Time is on my side</subfield></datafield><datafield tag="795" ind1="0" ind2="0"><subfield code="å">30</subfield><subfield code="a">Son of a preacher man</subfield></datafield><datafield tag="795" ind1="0" ind2="0"><subfield code="å">31</subfield><subfield code="a">Light my fire</subfield><subfield code="e">Minnie Riperton &amp; José Feliciano</subfield></datafield><datafield tag="795" ind1="0" ind2="0"><subfield code="å">32</subfield><subfield code="a">Woman of the ghetto</subfield></datafield><datafield tag="795" ind1="0" ind2="0"><subfield code="å">33</subfield><subfield code="a">Don't know why</subfield></datafield><datafield tag="795" ind1="0" ind2="0"><subfield code="å">34</subfield><subfield code="a">Misty blue</subfield></datafield><datafield tag="795" ind1="0" ind2="0"><subfield code="å">35</subfield><subfield code="a">Fly me to the moon</subfield></datafield><datafield tag="795" ind1="0" ind2="0"><subfield code="å">36</subfield><subfield code="a">A ¤taste of honey</subfield></datafield><datafield tag="795" ind1="0" ind2="0"><subfield code="å">37</subfield><subfield code="a">At last</subfield><subfield code="e">Lou Rawls &amp; Dianne Reeves</subfield></datafield><datafield tag="795" ind1="0" ind2="0"><subfield code="å">38</subfield><subfield code="a">Stormy weather</subfield><subfield code="e">Sarah Vaughan/Jimmie Jones &amp; Orchestra</subfield></datafield><datafield tag="795" ind1="0" ind2="0"><subfield code="å">39</subfield><subfield code="a">Someone to watch over me</subfield></datafield><datafield tag="795" ind1="0" ind2="0"><subfield code="å">40</subfield><subfield code="a">Time after time</subfield></datafield><datafield tag="795" ind1="0" ind2="0"><subfield code="å">41</subfield><subfield code="a">(If loving you is wrong) I don't want to be right</subfield></datafield><datafield tag="795" ind1="0" ind2="0"><subfield code="å">42</subfield><subfield code="a">I like what you're doing (to me)</subfield></datafield><datafield tag="795" ind1="0" ind2="0"><subfield code="å">43</subfield><subfield code="a">Respect yourself</subfield></datafield><datafield tag="795" ind1="0" ind2="0"><subfield code="å">44</subfield><subfield code="a">This will be</subfield></datafield><datafield tag="795" ind1="0" ind2="0"><subfield code="å">45</subfield><subfield code="a">I'd rather go blind</subfield></datafield><datafield tag="795" ind1="0" ind2="0"><subfield code="å">46</subfield><subfield code="a">I can't stand the rain</subfield></datafield><datafield tag="795" ind1="0" ind2="0"><subfield code="å">47</subfield><subfield code="a">Every little bit hurts</subfield></datafield><datafield tag="795" ind1="0" ind2="0"><subfield code="å">48</subfield><subfield code="a">In love in vain (Centennial summer)</subfield><subfield code="e">Lena Horne/Ray Ellis &amp; Orchestra</subfield></datafield><datafield tag="795" ind1="0" ind2="0"><subfield code="å">49</subfield><subfield code="a">When your lover has gone</subfield></datafield><datafield tag="795" ind1="0" ind2="0"><subfield code="å">99</subfield><subfield code="y">0</subfield><subfield code="a">Centennial summer</subfield></datafield><datafield tag="996" ind1="0" ind2="0"><subfield code="a">715900</subfield></datafield></record>