
<record xsi:schemaLocation="http://www.loc.gov/standards/iso25577/marcxchange-1-1.xsd" xmlns="info:lc/xmlns/marcxchange-v1" xmlns:xsi="http://www.w3.org/2001/XMLSchema-instance"><leader>00000n    2200000   4500</leader><datafield tag="001" ind1="0" ind2="0"><subfield code="a">45705722</subfield><subfield code="b">191919</subfield><subfield code="c">20150827140733</subfield><subfield code="d">20150827</subfield><subfield code="f">a</subfield></datafield><datafield tag="002" ind1="0" ind2="0"><subfield code="b">715900</subfield><subfield code="c">90436910</subfield><subfield code="x">71590090436910</subfield></datafield><datafield tag="004" ind1="0" ind2="0"><subfield code="r">c</subfield><subfield code="a">e</subfield></datafield><datafield tag="008" ind1="0" ind2="0"><subfield code="t">m</subfield><subfield code="u">f</subfield><subfield code="a">2004</subfield><subfield code="b">it</subfield><subfield code="l">ita</subfield><subfield code="v">0</subfield></datafield><datafield tag="009" ind1="0" ind2="0"><subfield code="a">a</subfield><subfield code="g">xx</subfield></datafield><datafield tag="021" ind1="0" ind2="0"><subfield code="a">88-17-00178-3</subfield><subfield code="d">kr. 53,00</subfield></datafield><datafield tag="100" ind1="0" ind2="0"><subfield code="a">Baricco</subfield><subfield code="h">Alessandro</subfield></datafield><datafield tag="245" ind1="0" ind2="0"><subfield code="a">Senza sangue</subfield><subfield code="e">Alessandro Baricco</subfield></datafield><datafield tag="260" ind1="0" ind2="0"><subfield code="a">Milano</subfield><subfield code="b">BUR</subfield><subfield code="c">2004</subfield></datafield><datafield tag="300" ind1="0" ind2="0"><subfield code="a">104 sider</subfield></datafield><datafield tag="504" ind1="0" ind2="0"><subfield code="a">Fortælling om mennesker i en fattig landsby</subfield></datafield><datafield tag="520" ind1="0" ind2="0"><subfield code="a">Originaludgave: 2002</subfield></datafield><datafield tag="652" ind1="0" ind2="0"><subfield code="m">82.6</subfield></datafield><datafield tag="996" ind1="0" ind2="0"><subfield code="a">715900</subfield></datafield></record>