
<record xsi:schemaLocation="http://www.loc.gov/standards/iso25577/marcxchange-1-1.xsd" xmlns="info:lc/xmlns/marcxchange-v1" xmlns:xsi="http://www.w3.org/2001/XMLSchema-instance"><leader>00000n    2200000   4500</leader><datafield tag="001" ind1="0" ind2="0"><subfield code="a">45705730</subfield><subfield code="b">191919</subfield><subfield code="c">20150827140734</subfield><subfield code="d">20150827</subfield><subfield code="f">a</subfield></datafield><datafield tag="002" ind1="0" ind2="0"><subfield code="b">715900</subfield><subfield code="c">90447521</subfield><subfield code="x">71590090447521</subfield></datafield><datafield tag="004" ind1="0" ind2="0"><subfield code="r">c</subfield><subfield code="a">e</subfield></datafield><datafield tag="008" ind1="0" ind2="0"><subfield code="t">m</subfield><subfield code="u">f</subfield><subfield code="a">2004</subfield><subfield code="b">es</subfield><subfield code="l">eng</subfield><subfield code="v">0</subfield></datafield><datafield tag="009" ind1="0" ind2="0"><subfield code="a">a</subfield><subfield code="g">xx</subfield></datafield><datafield tag="021" ind1="0" ind2="0"><subfield code="a">84-95692-40-6</subfield><subfield code="d">kr. 464,00</subfield></datafield><datafield tag="245" ind1="0" ind2="0"><subfield code="a">Skyscraper architects</subfield><subfield code="e">coordination and texts: Ariadna Alvárez Garreta</subfield></datafield><datafield tag="260" ind1="0" ind2="0"><subfield code="a">Barcelona</subfield><subfield code="b">Atrium Group</subfield><subfield code="c">2004</subfield></datafield><datafield tag="300" ind1="0" ind2="0"><subfield code="a">215 sider</subfield><subfield code="b">ill. (nogle i farver)</subfield></datafield><datafield tag="652" ind1="0" ind2="0"><subfield code="m">71.08</subfield></datafield><datafield tag="666" ind1="0" ind2="0"><subfield code="f">arkitektur</subfield></datafield><datafield tag="666" ind1="0" ind2="0"><subfield code="f">skyskrabere</subfield></datafield><datafield tag="700" ind1="0" ind2="0"><subfield code="a">Garetta</subfield><subfield code="h">Ariadna Alvárez</subfield></datafield><datafield tag="900" ind1="0" ind2="0"><subfield code="a">Alvárez Garetta</subfield><subfield code="h">Ariadna</subfield><subfield code="z">700</subfield></datafield><datafield tag="996" ind1="0" ind2="0"><subfield code="a">715900</subfield></datafield></record>