
<marcx:record format="danMARC2" type="Bibliographic" xmlns:marcx="info:lc/xmlns/marcxchange-v1"><marcx:leader>00000n    2200000   4500</marcx:leader><marcx:datafield tag="001" ind1="0" ind2="0"><marcx:subfield code="a">22368206</marcx:subfield><marcx:subfield code="b">191919</marcx:subfield><marcx:subfield code="c">20000514173958</marcx:subfield><marcx:subfield code="d">19990209</marcx:subfield><marcx:subfield code="f">a</marcx:subfield></marcx:datafield><marcx:datafield tag="004" ind1="0" ind2="0"><marcx:subfield code="r">n</marcx:subfield><marcx:subfield code="a">e</marcx:subfield></marcx:datafield><marcx:datafield tag="008" ind1="0" ind2="0"><marcx:subfield code="t">s</marcx:subfield><marcx:subfield code="u">f</marcx:subfield><marcx:subfield code="a">1999</marcx:subfield><marcx:subfield code="b">dk</marcx:subfield><marcx:subfield code="v">0</marcx:subfield></marcx:datafield><marcx:datafield tag="009" ind1="0" ind2="0"><marcx:subfield code="a">s</marcx:subfield><marcx:subfield code="g">xc</marcx:subfield></marcx:datafield><marcx:datafield tag="020" ind1="0" ind2="0"><marcx:subfield code="a">dk</marcx:subfield></marcx:datafield><marcx:datafield tag="021" ind1="0" ind2="0"><marcx:subfield code="d">kr. 139,00</marcx:subfield></marcx:datafield><marcx:datafield tag="032" ind1="0" ind2="0"><marcx:subfield code="x">SFG199908</marcx:subfield><marcx:subfield code="a">DMO199908</marcx:subfield><marcx:subfield code="x">DAT200021</marcx:subfield></marcx:datafield><marcx:datafield tag="039" ind1="0" ind2="0"><marcx:subfield code="a">kaa</marcx:subfield></marcx:datafield><marcx:datafield tag="100" ind1="0" ind2="0"><marcx:subfield code="a">Brydenfelt</marcx:subfield><marcx:subfield code="h">Michael</marcx:subfield></marcx:datafield><marcx:datafield tag="245" ind1="0" ind2="0"><marcx:subfield code="a">Memory</marcx:subfield><marcx:subfield code="e">Brydenfelt &amp; Hannibal</marcx:subfield><marcx:subfield code="e">guitararrangementer: Lars Hannibal</marcx:subfield><marcx:subfield code="e">strygerarrangementer: Carol Conrad Brydenfelt</marcx:subfield><marcx:subfield code="e">Michael Brydenfelt, trompet</marcx:subfield><marcx:subfield code="e">Lars Hannibal, guitar</marcx:subfield><marcx:subfield code="i">producer: Peter Laenger</marcx:subfield><marcx:subfield code="i">tekniker: Peter Iversen, Lars Nissen</marcx:subfield></marcx:datafield><marcx:datafield tag="260" ind1="0" ind2="0"><marcx:subfield code="a">[Pandrup]</marcx:subfield><marcx:subfield code="b">CMC</marcx:subfield><marcx:subfield code="c">p 1999</marcx:subfield></marcx:datafield><marcx:datafield tag="300" ind1="0" ind2="0"><marcx:subfield code="n">1 cd</marcx:subfield></marcx:datafield><marcx:datafield tag="512" ind1="0" ind2="0"><marcx:subfield code="a">Indspillet i Gjerlev, J. 6.-8. september og 25-26. og 28. november 1998</marcx:subfield></marcx:datafield><marcx:datafield tag="531" ind1="0" ind2="0"><marcx:subfield code="a">Indhold:</marcx:subfield></marcx:datafield><marcx:datafield tag="538" ind1="0" ind2="0"><marcx:subfield code="f">CMC</marcx:subfield><marcx:subfield code="g">4983022</marcx:subfield></marcx:datafield><marcx:datafield tag="652" ind1="0" ind2="0"><marcx:subfield code="m">78.437</marcx:subfield></marcx:datafield><marcx:datafield tag="652" ind1="0" ind2="0"><marcx:subfield code="å">11</marcx:subfield><marcx:subfield code="i">78.437</marcx:subfield><marcx:subfield code="i">78.437</marcx:subfield><marcx:subfield code="i">78.437</marcx:subfield></marcx:datafield><marcx:datafield tag="652" ind1="0" ind2="0"><marcx:subfield code="å">12</marcx:subfield><marcx:subfield code="i">78.427</marcx:subfield><marcx:subfield code="v">7</marcx:subfield><marcx:subfield code="i">78.427</marcx:subfield><marcx:subfield code="v">7</marcx:subfield></marcx:datafield><marcx:datafield tag="652" ind1="0" ind2="0"><marcx:subfield code="å">13</marcx:subfield><marcx:subfield code="i">78.437</marcx:subfield></marcx:datafield><marcx:datafield tag="652" ind1="0" ind2="0"><marcx:subfield code="å">14</marcx:subfield><marcx:subfield code="i">78.437</marcx:subfield></marcx:datafield><marcx:datafield tag="652" ind1="0" ind2="0"><marcx:subfield code="å">15</marcx:subfield><marcx:subfield code="i">78.437</marcx:subfield></marcx:datafield><marcx:datafield tag="652" ind1="0" ind2="0"><marcx:subfield code="å">16</marcx:subfield><marcx:subfield code="i">78.437</marcx:subfield></marcx:datafield><marcx:datafield tag="652" ind1="0" ind2="0"><marcx:subfield code="å">17</marcx:subfield><marcx:subfield code="i">78.437</marcx:subfield><marcx:subfield code="i">78.427</marcx:subfield><marcx:subfield code="v">7</marcx:subfield></marcx:datafield><marcx:datafield tag="652" ind1="0" ind2="0"><marcx:subfield code="å">18</marcx:subfield><marcx:subfield code="i">78.437</marcx:subfield></marcx:datafield><marcx:datafield tag="652" ind1="0" ind2="0"><marcx:subfield code="å">19</marcx:subfield><marcx:subfield code="i">78.427</marcx:subfield><marcx:subfield code="v">7</marcx:subfield></marcx:datafield><marcx:datafield tag="652" ind1="0" ind2="0"><marcx:subfield code="å">20</marcx:subfield><marcx:subfield code="i">78.437</marcx:subfield></marcx:datafield><marcx:datafield tag="652" ind1="0" ind2="0"><marcx:subfield code="å">21</marcx:subfield><marcx:subfield code="i">78.437</marcx:subfield></marcx:datafield><marcx:datafield tag="652" ind1="0" ind2="0"><marcx:subfield code="å">22</marcx:subfield><marcx:subfield code="i">78.437</marcx:subfield></marcx:datafield><marcx:datafield tag="666" ind1="0" ind2="0"><marcx:subfield code="0"/><marcx:subfield code="m">barok</marcx:subfield><marcx:subfield code="m">musicalsange</marcx:subfield><marcx:subfield code="n">instrumental</marcx:subfield><marcx:subfield code="n">trompet</marcx:subfield><marcx:subfield code="n">guitar</marcx:subfield><marcx:subfield code="p">1700-1799</marcx:subfield><marcx:subfield code="p">1900-1999</marcx:subfield><marcx:subfield code="l">England</marcx:subfield><marcx:subfield code="l">USA</marcx:subfield></marcx:datafield><marcx:datafield tag="700" ind1="0" ind2="0"><marcx:subfield code="a">Hannibal</marcx:subfield><marcx:subfield code="h">Lars</marcx:subfield></marcx:datafield><marcx:datafield tag="700" ind1="0" ind2="0"><marcx:subfield code="å">1</marcx:subfield><marcx:subfield code="a">Lund Madsen</marcx:subfield><marcx:subfield code="h">Per</marcx:subfield></marcx:datafield><marcx:datafield tag="700" ind1="0" ind2="0"><marcx:subfield code="a">Ranmo</marcx:subfield><marcx:subfield code="h">Sune</marcx:subfield></marcx:datafield><marcx:datafield tag="700" ind1="0" ind2="0"><marcx:subfield code="a">Hanskov</marcx:subfield><marcx:subfield code="h">Mette</marcx:subfield></marcx:datafield><marcx:datafield tag="700" ind1="0" ind2="0"><marcx:subfield code="a">Rung</marcx:subfield><marcx:subfield code="h">Henrik</marcx:subfield></marcx:datafield><marcx:datafield tag="700" ind1="0" ind2="0"><marcx:subfield code="a">Durholm</marcx:subfield><marcx:subfield code="h">Tobias</marcx:subfield></marcx:datafield><marcx:datafield tag="700" ind1="0" ind2="0"><marcx:subfield code="a">Brantelid</marcx:subfield><marcx:subfield code="h">Ingemar</marcx:subfield></marcx:datafield><marcx:datafield tag="700" ind1="0" ind2="0"><marcx:subfield code="a">Brydenfelt</marcx:subfield><marcx:subfield code="h">Carol</marcx:subfield></marcx:datafield><marcx:datafield tag="710" ind1="0" ind2="0"><marcx:subfield code="a">Det ¤Kongelige Kapels Strygekvintet</marcx:subfield></marcx:datafield><marcx:datafield tag="770" ind1="0" ind2="0"><marcx:subfield code="å">12</marcx:subfield><marcx:subfield code="a">Webber</marcx:subfield><marcx:subfield code="h">Andrew Lloyd</marcx:subfield></marcx:datafield><marcx:datafield tag="770" ind1="0" ind2="0"><marcx:subfield code="å">13</marcx:subfield><marcx:subfield code="a">Bach</marcx:subfield><marcx:subfield code="h">Johann Sebastian</marcx:subfield></marcx:datafield><marcx:datafield tag="770" ind1="0" ind2="0"><marcx:subfield code="å">14</marcx:subfield><marcx:subfield code="a">Bernstein</marcx:subfield><marcx:subfield code="h">Leonard</marcx:subfield></marcx:datafield><marcx:datafield tag="770" ind1="0" ind2="0"><marcx:subfield code="å">15</marcx:subfield><marcx:subfield code="a">Vivaldi</marcx:subfield><marcx:subfield code="h">Antonio</marcx:subfield></marcx:datafield><marcx:datafield tag="770" ind1="0" ind2="0"><marcx:subfield code="å">16</marcx:subfield><marcx:subfield code="a">Schubert</marcx:subfield><marcx:subfield code="h">Franz</marcx:subfield></marcx:datafield><marcx:datafield tag="770" ind1="0" ind2="0"><marcx:subfield code="å">17</marcx:subfield><marcx:subfield code="a">Rodgers</marcx:subfield><marcx:subfield code="h">Richard</marcx:subfield></marcx:datafield><marcx:datafield tag="770" ind1="0" ind2="0"><marcx:subfield code="å">18</marcx:subfield><marcx:subfield code="a">Villa-Lobos</marcx:subfield><marcx:subfield code="h">Heitor</marcx:subfield></marcx:datafield><marcx:datafield tag="770" ind1="0" ind2="0"><marcx:subfield code="å">19</marcx:subfield><marcx:subfield code="a">Gershwin</marcx:subfield><marcx:subfield code="h">George</marcx:subfield></marcx:datafield><marcx:datafield tag="770" ind1="0" ind2="0"><marcx:subfield code="å">20</marcx:subfield><marcx:subfield code="a">Mozart</marcx:subfield><marcx:subfield code="h">Wolfgang Amadeus</marcx:subfield></marcx:datafield><marcx:datafield tag="770" ind1="0" ind2="0"><marcx:subfield code="å">21</marcx:subfield><marcx:subfield code="a">Satie</marcx:subfield><marcx:subfield code="h">Erik</marcx:subfield></marcx:datafield><marcx:datafield tag="770" ind1="0" ind2="0"><marcx:subfield code="å">22</marcx:subfield><marcx:subfield code="a">Händel</marcx:subfield><marcx:subfield code="h">Georg Friedrich</marcx:subfield></marcx:datafield><marcx:datafield tag="795" ind1="0" ind2="0"><marcx:subfield code="å">11</marcx:subfield><marcx:subfield code="a">Believe me</marcx:subfield><marcx:subfield code="i">trad. irsk</marcx:subfield><marcx:subfield code="a">Down by the Sally Gardens</marcx:subfield><marcx:subfield code="i">trad. irsk</marcx:subfield><marcx:subfield code="a">Last rose of summer</marcx:subfield><marcx:subfield code="i">trad. irsk</marcx:subfield><marcx:subfield code="a">I skovens dybe stille ro</marcx:subfield><marcx:subfield code="i">langelandsk folkemelodi</marcx:subfield><marcx:subfield code="e">arrangeret af Henrik Rung</marcx:subfield></marcx:datafield><marcx:datafield tag="795" ind1="0" ind2="0"><marcx:subfield code="å">12</marcx:subfield><marcx:subfield code="a">Cats</marcx:subfield><marcx:subfield code="7"> (</marcx:subfield><marcx:subfield code="v">Memory</marcx:subfield><marcx:subfield code="7">)</marcx:subfield><marcx:subfield code="e">Det ¤Kgl. Kapels Strygekvintet</marcx:subfield><marcx:subfield code="i">(Tobias Durholm og Per Lund Madsen, violin ; Sune Ranmo, viola ; Ingemar Brantelid, violoncel ; Mette Hanskov, kontrabas)</marcx:subfield><marcx:subfield code="a">Evita</marcx:subfield><marcx:subfield code="7"> (</marcx:subfield><marcx:subfield code="v">Don't cry for me Argentina</marcx:subfield><marcx:subfield code="7">)</marcx:subfield><marcx:subfield code="e">Det ¤Kgl. Kapels Strygekvintet</marcx:subfield><marcx:subfield code="i">(Tobias Durholm og Per Lund Madsen, violin ; Sune Ranmo, viola ; Ingemar Brantelid, violoncel ; Mette Hanskov, kontrabas)</marcx:subfield></marcx:datafield><marcx:datafield tag="795" ind1="0" ind2="0"><marcx:subfield code="å">13</marcx:subfield><marcx:subfield code="a">Suite for orkester nr. 3, D-dur, BWV 1068</marcx:subfield><marcx:subfield code="7"> (</marcx:subfield><marcx:subfield code="v">Air</marcx:subfield><marcx:subfield code="7">)</marcx:subfield></marcx:datafield><marcx:datafield tag="795" ind1="0" ind2="0"><marcx:subfield code="å">14</marcx:subfield><marcx:subfield code="a">West Side story</marcx:subfield><marcx:subfield code="7"> (</marcx:subfield><marcx:subfield code="v">Somewhere</marcx:subfield><marcx:subfield code="v">One hand, one heart</marcx:subfield><marcx:subfield code="7">)</marcx:subfield></marcx:datafield><marcx:datafield tag="795" ind1="0" ind2="0"><marcx:subfield code="å">15</marcx:subfield><marcx:subfield code="a">De ¤fire årstider, opus 8:1-4</marcx:subfield><marcx:subfield code="7"> (</marcx:subfield><marcx:subfield code="v">Vinter (Largo)</marcx:subfield><marcx:subfield code="7">)</marcx:subfield><marcx:subfield code="c">af Il cimento dell'armonia e dell' invenzione</marcx:subfield></marcx:datafield><marcx:datafield tag="795" ind1="0" ind2="0"><marcx:subfield code="å">16</marcx:subfield><marcx:subfield code="a">Ave Maria</marcx:subfield></marcx:datafield><marcx:datafield tag="795" ind1="0" ind2="0"><marcx:subfield code="å">17</marcx:subfield><marcx:subfield code="a">The ¤sound of music</marcx:subfield><marcx:subfield code="7"> (</marcx:subfield><marcx:subfield code="v">Climb every mountain</marcx:subfield><marcx:subfield code="v">Edelweiss</marcx:subfield><marcx:subfield code="7">)</marcx:subfield><marcx:subfield code="a">South Pacific</marcx:subfield><marcx:subfield code="7"> (</marcx:subfield><marcx:subfield code="v">Some enchanted evening</marcx:subfield><marcx:subfield code="7">)</marcx:subfield><marcx:subfield code="e">Det ¤Kgl. Kapels Strygekvintet</marcx:subfield><marcx:subfield code="i">(Tobias Durholm og Per Lund Madsen, violin ; Sune Ranmo, viola ; Ingemar Brantelid, violoncel ; Mette Hanskov, kontrabas)</marcx:subfield></marcx:datafield><marcx:datafield tag="795" ind1="0" ind2="0"><marcx:subfield code="å">18</marcx:subfield><marcx:subfield code="a">Bachianas brasileiras nr. 5</marcx:subfield><marcx:subfield code="7"> (Aria</marcx:subfield><marcx:subfield code="7">)</marcx:subfield></marcx:datafield><marcx:datafield tag="795" ind1="0" ind2="0"><marcx:subfield code="å">19</marcx:subfield><marcx:subfield code="a">Porgy og Bess</marcx:subfield><marcx:subfield code="7"> (</marcx:subfield><marcx:subfield code="v">Summertime)</marcx:subfield><marcx:subfield code="e">Det ¤Kgl. Kapels Strygekvintet</marcx:subfield><marcx:subfield code="i">(Tobias Durholm og Per Lund Madsen, violin ; Sune Ranmo, viola ; Ingemar Brantelid, violoncel ; Mette Hanskov, kontrabas)</marcx:subfield></marcx:datafield><marcx:datafield tag="795" ind1="0" ind2="0"><marcx:subfield code="å">20</marcx:subfield><marcx:subfield code="a">Ave verum corpus, Köchel 618</marcx:subfield></marcx:datafield><marcx:datafield tag="795" ind1="0" ind2="0"><marcx:subfield code="å">21</marcx:subfield><marcx:subfield code="a">Gymnopédie nr. 1</marcx:subfield></marcx:datafield><marcx:datafield tag="795" ind1="0" ind2="0"><marcx:subfield code="å">22</marcx:subfield><marcx:subfield code="a">Larghetto</marcx:subfield><marcx:subfield code="c">efter Sonate for violin og continuo, D-dur, HWV 371 (opus 1:13) (3. sats)</marcx:subfield></marcx:datafield><marcx:datafield tag="795" ind1="0" ind2="0"><marcx:subfield code="å">40</marcx:subfield><marcx:subfield code="y">0</marcx:subfield><marcx:subfield code="a">1 hand, 1 heart</marcx:subfield><marcx:subfield code="a">De ¤4 årstider, opus 8:1-4 (Vinter (Largo))</marcx:subfield><marcx:subfield code="a">Il ¤cimento dell'armonia e dell' invenzione</marcx:subfield><marcx:subfield code="a">Sonate for violin og continuo, D-dur, HWV 371 (opus 1:13) (3. sats)</marcx:subfield></marcx:datafield><marcx:datafield tag="900" ind1="0" ind2="0"><marcx:subfield code="a">Madsen</marcx:subfield><marcx:subfield code="h">Per Lund</marcx:subfield><marcx:subfield code="z">700/1</marcx:subfield></marcx:datafield><marcx:datafield tag="900" ind1="0" ind2="0"><marcx:subfield code="a">Lloyd Webber</marcx:subfield><marcx:subfield code="h">Andrew</marcx:subfield><marcx:subfield code="z">770/12</marcx:subfield></marcx:datafield><marcx:datafield tag="900" ind1="0" ind2="0"><marcx:subfield code="a">Lobos</marcx:subfield><marcx:subfield code="h">Heitor Villa-</marcx:subfield><marcx:subfield code="z">770/18</marcx:subfield></marcx:datafield><marcx:datafield tag="990" ind1="0" ind2="0"><marcx:subfield code="a">SFG</marcx:subfield><marcx:subfield code="c">C</marcx:subfield><marcx:subfield code="o">199908</marcx:subfield><marcx:subfield code="t">12.03.99</marcx:subfield></marcx:datafield><marcx:datafield tag="996" ind1="0" ind2="0"><marcx:subfield code="a">DBC</marcx:subfield></marcx:datafield></marcx:record>