
<marcx:record format="danMARC2" type="Bibliographic" xmlns:marcx="info:lc/xmlns/marcxchange-v1"><marcx:leader>00000n    2200000   4500</marcx:leader><marcx:datafield tag="001" ind1="0" ind2="0"><marcx:subfield code="a">22368737</marcx:subfield><marcx:subfield code="b">191919</marcx:subfield><marcx:subfield code="c">19990228231247</marcx:subfield><marcx:subfield code="d">19990210</marcx:subfield><marcx:subfield code="f">a</marcx:subfield></marcx:datafield><marcx:datafield tag="004" ind1="0" ind2="0"><marcx:subfield code="r">n</marcx:subfield><marcx:subfield code="a">e</marcx:subfield></marcx:datafield><marcx:datafield tag="008" ind1="0" ind2="0"><marcx:subfield code="t">s</marcx:subfield><marcx:subfield code="u">f</marcx:subfield><marcx:subfield code="a">1999</marcx:subfield><marcx:subfield code="b">gb</marcx:subfield><marcx:subfield code="v">0</marcx:subfield></marcx:datafield><marcx:datafield tag="009" ind1="0" ind2="0"><marcx:subfield code="a">s</marcx:subfield><marcx:subfield code="g">xc</marcx:subfield><marcx:subfield code="b">a</marcx:subfield><marcx:subfield code="h">xx</marcx:subfield></marcx:datafield><marcx:datafield tag="021" ind1="0" ind2="0"><marcx:subfield code="d">kr. 147,00</marcx:subfield></marcx:datafield><marcx:datafield tag="032" ind1="0" ind2="0"><marcx:subfield code="x">SFG199908</marcx:subfield></marcx:datafield><marcx:datafield tag="039" ind1="0" ind2="0"><marcx:subfield code="a">bea</marcx:subfield></marcx:datafield><marcx:datafield tag="245" ind1="0" ind2="0"><marcx:subfield code="a">Tommy Boy greatest beats</marcx:subfield><marcx:subfield code="u">the ¤first fifteen years 1981-1996</marcx:subfield><marcx:subfield code="e">compiled by Steve Knutson</marcx:subfield></marcx:datafield><marcx:datafield tag="260" ind1="0" ind2="0"><marcx:subfield code="a">[S.l.]</marcx:subfield><marcx:subfield code="b">Tommy Boy</marcx:subfield><marcx:subfield code="c">p 1998</marcx:subfield></marcx:datafield><marcx:datafield tag="300" ind1="0" ind2="0"><marcx:subfield code="n">2 cd'er</marcx:subfield><marcx:subfield code="D">1 hæfte</marcx:subfield><marcx:subfield code="d">1 kommentarhæfte</marcx:subfield></marcx:datafield><marcx:datafield tag="512" ind1="0" ind2="0"><marcx:subfield code="a">Indspilninger publiceret 1982-1995</marcx:subfield></marcx:datafield><marcx:datafield tag="531" ind1="0" ind2="0"><marcx:subfield code="a">Indhold:</marcx:subfield></marcx:datafield><marcx:datafield tag="538" ind1="0" ind2="0"><marcx:subfield code="f">Tommy Boy</marcx:subfield><marcx:subfield code="g">TBCD 1121</marcx:subfield></marcx:datafield><marcx:datafield tag="652" ind1="0" ind2="0"><marcx:subfield code="m">78.7941</marcx:subfield></marcx:datafield><marcx:datafield tag="666" ind1="0" ind2="0"><marcx:subfield code="0"/><marcx:subfield code="m">hip hop</marcx:subfield><marcx:subfield code="m">soul</marcx:subfield><marcx:subfield code="m">funk</marcx:subfield><marcx:subfield code="n">vokal</marcx:subfield><marcx:subfield code="n">rap</marcx:subfield><marcx:subfield code="p">1980-1989</marcx:subfield><marcx:subfield code="p">1990-1999</marcx:subfield><marcx:subfield code="l">USA</marcx:subfield></marcx:datafield><marcx:datafield tag="700" ind1="0" ind2="0"><marcx:subfield code="a">Knutson</marcx:subfield><marcx:subfield code="h">Steve</marcx:subfield></marcx:datafield><marcx:datafield tag="700" ind1="0" ind2="0"><marcx:subfield code="a">Love</marcx:subfield><marcx:subfield code="h">Monie</marcx:subfield></marcx:datafield><marcx:datafield tag="700" ind1="0" ind2="0"><marcx:subfield code="a">The ¤Notorious B.I.G.</marcx:subfield></marcx:datafield><marcx:datafield tag="700" ind1="0" ind2="0"><marcx:subfield code="a">Whiz Kid</marcx:subfield></marcx:datafield><marcx:datafield tag="710" ind1="0" ind2="0"><marcx:subfield code="a">The ¤Soul Sonic Force</marcx:subfield></marcx:datafield><marcx:datafield tag="710" ind1="0" ind2="0"><marcx:subfield code="a">The ¤Jazzy 5</marcx:subfield></marcx:datafield><marcx:datafield tag="710" ind1="0" ind2="0"><marcx:subfield code="a">Jungle Brothers</marcx:subfield></marcx:datafield><marcx:datafield tag="710" ind1="0" ind2="0"><marcx:subfield code="a">A ¤Tribe Called Quest</marcx:subfield></marcx:datafield><marcx:datafield tag="770" ind1="0" ind2="0"><marcx:subfield code="å">11</marcx:subfield><marcx:subfield code="a">Afrika Bambaataa</marcx:subfield></marcx:datafield><marcx:datafield tag="770" ind1="0" ind2="0"><marcx:subfield code="å">16</marcx:subfield><marcx:subfield code="a">Queen Latifah</marcx:subfield></marcx:datafield><marcx:datafield tag="770" ind1="0" ind2="0"><marcx:subfield code="å">19</marcx:subfield><marcx:subfield code="a">Coolio</marcx:subfield></marcx:datafield><marcx:datafield tag="770" ind1="0" ind2="0"><marcx:subfield code="å">20</marcx:subfield><marcx:subfield code="a">Apache</marcx:subfield></marcx:datafield><marcx:datafield tag="770" ind1="0" ind2="0"><marcx:subfield code="å">21</marcx:subfield><marcx:subfield code="a">Paris</marcx:subfield></marcx:datafield><marcx:datafield tag="780" ind1="0" ind2="0"><marcx:subfield code="å">12</marcx:subfield><marcx:subfield code="a">Naughty by Nature</marcx:subfield></marcx:datafield><marcx:datafield tag="780" ind1="0" ind2="0"><marcx:subfield code="å">13</marcx:subfield><marcx:subfield code="a">Digital Underground</marcx:subfield></marcx:datafield><marcx:datafield tag="780" ind1="0" ind2="0"><marcx:subfield code="å">14</marcx:subfield><marcx:subfield code="a">De La Soul</marcx:subfield></marcx:datafield><marcx:datafield tag="780" ind1="0" ind2="0"><marcx:subfield code="å">15</marcx:subfield><marcx:subfield code="a">Total</marcx:subfield></marcx:datafield><marcx:datafield tag="780" ind1="0" ind2="0"><marcx:subfield code="å">17</marcx:subfield><marcx:subfield code="a">Stetsasonic</marcx:subfield></marcx:datafield><marcx:datafield tag="780" ind1="0" ind2="0"><marcx:subfield code="å">18</marcx:subfield><marcx:subfield code="a">House of Pain</marcx:subfield></marcx:datafield><marcx:datafield tag="780" ind1="0" ind2="0"><marcx:subfield code="å">22</marcx:subfield><marcx:subfield code="a">K7</marcx:subfield></marcx:datafield><marcx:datafield tag="780" ind1="0" ind2="0"><marcx:subfield code="å">23</marcx:subfield><marcx:subfield code="a">Jonzun Crew</marcx:subfield></marcx:datafield><marcx:datafield tag="780" ind1="0" ind2="0"><marcx:subfield code="å">24</marcx:subfield><marcx:subfield code="a">G.L.O.B.E.</marcx:subfield></marcx:datafield><marcx:datafield tag="780" ind1="0" ind2="0"><marcx:subfield code="å">25</marcx:subfield><marcx:subfield code="a">Planet patrol</marcx:subfield></marcx:datafield><marcx:datafield tag="795" ind1="0" ind2="0"><marcx:subfield code="å">11</marcx:subfield><marcx:subfield code="a">Planet rock (12" version)</marcx:subfield><marcx:subfield code="e">Afrika Bambaataa &amp; Soul Sonic Force</marcx:subfield><marcx:subfield code="a">Jazzy sensation (12" remix version)</marcx:subfield><marcx:subfield code="e">Afrika Bambaataa &amp; the Jazzy 5</marcx:subfield><marcx:subfield code="a">Looking for the perfect beat (12" version)</marcx:subfield><marcx:subfield code="e">Afrika Bambaataa &amp; Soul Sonic Force</marcx:subfield><marcx:subfield code="a">Renegades of funk (12" version)</marcx:subfield><marcx:subfield code="e">Afrika Bambaataa &amp; Soul Sonic Force</marcx:subfield></marcx:datafield><marcx:datafield tag="795" ind1="0" ind2="0"><marcx:subfield code="å">12</marcx:subfield><marcx:subfield code="a">Everything's going to be alright (LP version)</marcx:subfield><marcx:subfield code="a">O.P.P. (LP version)</marcx:subfield><marcx:subfield code="a">Hip hop hooray (LP version)</marcx:subfield></marcx:datafield><marcx:datafield tag="795" ind1="0" ind2="0"><marcx:subfield code="å">13</marcx:subfield><marcx:subfield code="a">Doowutchyalike (radio mix)</marcx:subfield><marcx:subfield code="a">The ¤humpty dance (LP version)</marcx:subfield><marcx:subfield code="a">Same song (radio edit)</marcx:subfield></marcx:datafield><marcx:datafield tag="795" ind1="0" ind2="0"><marcx:subfield code="å">14</marcx:subfield><marcx:subfield code="a">Buddy (12" remix)</marcx:subfield><marcx:subfield code="e">De La Soul feat. A Tribe Called Quest, Jungle Brothers, Queen Latifah &amp; Monie Love</marcx:subfield><marcx:subfield code="a">Plug tunin' (12" version)</marcx:subfield><marcx:subfield code="u">Are you ready for this</marcx:subfield><marcx:subfield code="a">Me, myself and I (LP version)</marcx:subfield><marcx:subfield code="a">Ring ring ring (LP version)</marcx:subfield></marcx:datafield><marcx:datafield tag="795" ind1="0" ind2="0"><marcx:subfield code="å">15</marcx:subfield><marcx:subfield code="a">Can't you see (LP version)</marcx:subfield><marcx:subfield code="e">Total feat. the Notorious B.I.G.</marcx:subfield></marcx:datafield><marcx:datafield tag="795" ind1="0" ind2="0"><marcx:subfield code="å">16</marcx:subfield><marcx:subfield code="a">Ladies first (LP version)</marcx:subfield><marcx:subfield code="e">Queen Latifah feat. Monie Love</marcx:subfield><marcx:subfield code="a">Latifah's had it up to here (LP version)</marcx:subfield></marcx:datafield><marcx:datafield tag="795" ind1="0" ind2="0"><marcx:subfield code="å">17</marcx:subfield><marcx:subfield code="a">Sally (12" version)</marcx:subfield><marcx:subfield code="a">Go Stetsa I (12" version remix)</marcx:subfield><marcx:subfield code="a">Talkin' all that jazz (LP version)</marcx:subfield></marcx:datafield><marcx:datafield tag="795" ind1="0" ind2="0"><marcx:subfield code="å">18</marcx:subfield><marcx:subfield code="a">Jump around (album version)</marcx:subfield><marcx:subfield code="a">Shamrocks and shenanigans (Butch Vig remix)</marcx:subfield><marcx:subfield code="u">Boom shalock lock boom</marcx:subfield></marcx:datafield><marcx:datafield tag="795" ind1="0" ind2="0"><marcx:subfield code="å">19</marcx:subfield><marcx:subfield code="a">1-2-3-4 (Timber mix)</marcx:subfield><marcx:subfield code="u">Sumpin' new</marcx:subfield><marcx:subfield code="a">Fantastic voyage (Timber mix)</marcx:subfield><marcx:subfield code="a">Gangsta's paradise (LP version)</marcx:subfield></marcx:datafield><marcx:datafield tag="795" ind1="0" ind2="0"><marcx:subfield code="å">20</marcx:subfield><marcx:subfield code="a">Gangsta bitch (LP version)</marcx:subfield></marcx:datafield><marcx:datafield tag="795" ind1="0" ind2="0"><marcx:subfield code="å">21</marcx:subfield><marcx:subfield code="a">Break the grip of shame (LP version)</marcx:subfield></marcx:datafield><marcx:datafield tag="795" ind1="0" ind2="0"><marcx:subfield code="å">22</marcx:subfield><marcx:subfield code="a">Come baby come (LP version)</marcx:subfield></marcx:datafield><marcx:datafield tag="795" ind1="0" ind2="0"><marcx:subfield code="å">23</marcx:subfield><marcx:subfield code="a">Pack jam (7" version)</marcx:subfield><marcx:subfield code="u">Look out for the OVC</marcx:subfield></marcx:datafield><marcx:datafield tag="795" ind1="0" ind2="0"><marcx:subfield code="å">24</marcx:subfield><marcx:subfield code="a">Play that beat Mr. D.J. (12" version)</marcx:subfield><marcx:subfield code="e">G.L.O.B.E. &amp; Whiz Kid</marcx:subfield></marcx:datafield><marcx:datafield tag="795" ind1="0" ind2="0"><marcx:subfield code="å">25</marcx:subfield><marcx:subfield code="a">Play at your own risk (12" version)</marcx:subfield></marcx:datafield><marcx:datafield tag="795" ind1="0" ind2="0"><marcx:subfield code="å">26</marcx:subfield><marcx:subfield code="y">0</marcx:subfield><marcx:subfield code="a">One-2-3-4</marcx:subfield><marcx:subfield code="a">One-two-three-four</marcx:subfield></marcx:datafield><marcx:datafield tag="900" ind1="0" ind2="0"><marcx:subfield code="a">Owens</marcx:subfield><marcx:subfield code="h">Dana</marcx:subfield><marcx:subfield code="z">770/16</marcx:subfield></marcx:datafield><marcx:datafield tag="990" ind1="0" ind2="0"><marcx:subfield code="a">SFG</marcx:subfield><marcx:subfield code="c">C</marcx:subfield><marcx:subfield code="o">199908</marcx:subfield><marcx:subfield code="t">12.03.99</marcx:subfield></marcx:datafield><marcx:datafield tag="996" ind1="0" ind2="0"><marcx:subfield code="a">DBC</marcx:subfield></marcx:datafield></marcx:record>