
<record xsi:schemaLocation="http://www.loc.gov/standards/iso25577/marcxchange-1-1.xsd" xmlns="info:lc/xmlns/marcxchange-v1" xmlns:xsi="http://www.w3.org/2001/XMLSchema-instance"><leader>00000n    2200000   4500</leader><datafield tag="001" ind1="0" ind2="0"><subfield code="a">45705749</subfield><subfield code="b">191919</subfield><subfield code="c">20150827140739</subfield><subfield code="d">20150827</subfield><subfield code="f">a</subfield></datafield><datafield tag="002" ind1="0" ind2="0"><subfield code="b">715900</subfield><subfield code="c">90447637</subfield><subfield code="x">71590090447637</subfield></datafield><datafield tag="004" ind1="0" ind2="0"><subfield code="r">c</subfield><subfield code="a">e</subfield></datafield><datafield tag="008" ind1="0" ind2="0"><subfield code="t">m</subfield><subfield code="u">r</subfield><subfield code="a">2005</subfield><subfield code="b">us</subfield><subfield code="l">eng</subfield><subfield code="v">0</subfield></datafield><datafield tag="009" ind1="0" ind2="0"><subfield code="a">a</subfield><subfield code="g">xx</subfield></datafield><datafield tag="021" ind1="0" ind2="0"><subfield code="a">0-7818-0970-3</subfield><subfield code="d">kr. 106,00</subfield></datafield><datafield tag="041" ind1="0" ind2="0"><subfield code="a">urd</subfield><subfield code="a">eng</subfield></datafield><datafield tag="245" ind1="0" ind2="0"><subfield code="a">Urdu</subfield><subfield code="c">dictionary &amp; phrasebook</subfield><subfield code="c">urdu/english, english-urdu</subfield><subfield code="e">compiled by Nicholas Awde</subfield></datafield><datafield tag="250" ind1="0" ind2="0"><subfield code="a">Second printing</subfield><subfield code="b">÷</subfield></datafield><datafield tag="260" ind1="0" ind2="0"><subfield code="a">New York</subfield><subfield code="b">Hippocrene Books</subfield><subfield code="c">2005</subfield></datafield><datafield tag="300" ind1="0" ind2="0"><subfield code="a">172 sider</subfield></datafield><datafield tag="652" ind1="0" ind2="0"><subfield code="m">89.8171</subfield></datafield><datafield tag="666" ind1="0" ind2="0"><subfield code="f">urdu</subfield></datafield><datafield tag="666" ind1="0" ind2="0"><subfield code="f">ordbøger</subfield></datafield><datafield tag="700" ind1="0" ind2="0"><subfield code="a">Awde</subfield><subfield code="h">Nicholas</subfield></datafield><datafield tag="996" ind1="0" ind2="0"><subfield code="a">715900</subfield></datafield></record>