
<marcx:record format="danMARC2" type="Bibliographic" xmlns:marcx="info:lc/xmlns/marcxchange-v1"><marcx:leader>00000n    2200000   4500</marcx:leader><marcx:datafield tag="001" ind1="0" ind2="0"><marcx:subfield code="a">22367730</marcx:subfield><marcx:subfield code="b">191919</marcx:subfield><marcx:subfield code="c">20000514174106</marcx:subfield><marcx:subfield code="d">19990209</marcx:subfield><marcx:subfield code="f">a</marcx:subfield></marcx:datafield><marcx:datafield tag="004" ind1="0" ind2="0"><marcx:subfield code="r">n</marcx:subfield><marcx:subfield code="a">e</marcx:subfield></marcx:datafield><marcx:datafield tag="005" ind1="0" ind2="0"><marcx:subfield code="h">e</marcx:subfield></marcx:datafield><marcx:datafield tag="008" ind1="0" ind2="0"><marcx:subfield code="t">s</marcx:subfield><marcx:subfield code="u">f</marcx:subfield><marcx:subfield code="a">1998</marcx:subfield><marcx:subfield code="b">de</marcx:subfield><marcx:subfield code="l">lat</marcx:subfield><marcx:subfield code="v">0</marcx:subfield></marcx:datafield><marcx:datafield tag="009" ind1="0" ind2="0"><marcx:subfield code="a">s</marcx:subfield><marcx:subfield code="g">xc</marcx:subfield></marcx:datafield><marcx:datafield tag="021" ind1="0" ind2="0"><marcx:subfield code="d">kr. 139,00</marcx:subfield></marcx:datafield><marcx:datafield tag="032" ind1="0" ind2="0"><marcx:subfield code="x">SFG199908</marcx:subfield><marcx:subfield code="x">DAT200021</marcx:subfield></marcx:datafield><marcx:datafield tag="039" ind1="0" ind2="0"><marcx:subfield code="a">vok</marcx:subfield></marcx:datafield><marcx:datafield tag="100" ind1="0" ind2="0"><marcx:subfield code="a">Mozart</marcx:subfield><marcx:subfield code="h">Wolfgang Amadeus</marcx:subfield></marcx:datafield><marcx:datafield tag="239" ind1="0" ind2="0"><marcx:subfield code="t">Missa in honorem SSmae Trinitatis, C-dur, Köchel 167</marcx:subfield><marcx:subfield code="ø">Harnoncourt</marcx:subfield></marcx:datafield><marcx:datafield tag="245" ind1="0" ind2="0"><marcx:subfield code="a">Missa K. 167</marcx:subfield><marcx:subfield code="e">Wolfgang Amadeus Mozart</marcx:subfield></marcx:datafield><marcx:datafield tag="260" ind1="0" ind2="0"><marcx:subfield code="a">Hamburg</marcx:subfield><marcx:subfield code="b">Teldec</marcx:subfield><marcx:subfield code="c">p 1998</marcx:subfield></marcx:datafield><marcx:datafield tag="300" ind1="0" ind2="0"><marcx:subfield code="n">1 cd</marcx:subfield><marcx:subfield code="b">digitaloptagelse</marcx:subfield></marcx:datafield><marcx:datafield tag="440" ind1="0" ind2="0"><marcx:subfield code="a">Das ¤alte Werk</marcx:subfield></marcx:datafield><marcx:datafield tag="512" ind1="0" ind2="0"><marcx:subfield code="a">Indspillet i Wien 1992 og 1996 og Stainz 1990 og 1994</marcx:subfield></marcx:datafield><marcx:datafield tag="512" ind1="0" ind2="0"><marcx:subfield code="a">Tekster på omslag</marcx:subfield></marcx:datafield><marcx:datafield tag="513" ind1="0" ind2="0"><marcx:subfield code="e">Solister: Barbara Bonney, Elisabeth von Magnus, Uwe Heilmann, Herbert Lippert, Alastair Miles, Gilles Cachemaille</marcx:subfield><marcx:subfield code="e">Concentus Musicus Wien</marcx:subfield><marcx:subfield code="e">dirigent: Nikolaus Harnoncourt</marcx:subfield></marcx:datafield><marcx:datafield tag="531" ind1="0" ind2="0"><marcx:subfield code="a">Indeholder også:</marcx:subfield></marcx:datafield><marcx:datafield tag="538" ind1="0" ind2="0"><marcx:subfield code="f">Teldec</marcx:subfield><marcx:subfield code="g">3984-23570-2</marcx:subfield></marcx:datafield><marcx:datafield tag="652" ind1="0" ind2="0"><marcx:subfield code="m">78.652</marcx:subfield></marcx:datafield><marcx:datafield tag="652" ind1="0" ind2="0"><marcx:subfield code="å">11</marcx:subfield><marcx:subfield code="i">78.652</marcx:subfield><marcx:subfield code="i">78.652</marcx:subfield><marcx:subfield code="i">78.652</marcx:subfield><marcx:subfield code="i">78.652</marcx:subfield></marcx:datafield><marcx:datafield tag="666" ind1="0" ind2="0"><marcx:subfield code="0"/><marcx:subfield code="m">wienerklassik</marcx:subfield><marcx:subfield code="m">klassik</marcx:subfield><marcx:subfield code="m">messe</marcx:subfield><marcx:subfield code="m">kirkemusik</marcx:subfield><marcx:subfield code="n">vokal</marcx:subfield><marcx:subfield code="n">kor</marcx:subfield><marcx:subfield code="p">1770-1779</marcx:subfield><marcx:subfield code="l">Østrig</marcx:subfield></marcx:datafield><marcx:datafield tag="666" ind1="0" ind2="0"><marcx:subfield code="0"/><marcx:subfield code="å">11</marcx:subfield><marcx:subfield code="m">wienerklassik</marcx:subfield><marcx:subfield code="m">klassik</marcx:subfield><marcx:subfield code="m">messe</marcx:subfield><marcx:subfield code="m">kirkemusik</marcx:subfield><marcx:subfield code="n">vokal</marcx:subfield><marcx:subfield code="n">kor</marcx:subfield><marcx:subfield code="p">1770-1779</marcx:subfield><marcx:subfield code="l">Østrig</marcx:subfield></marcx:datafield><marcx:datafield tag="700" ind1="0" ind2="0"><marcx:subfield code="a">Bonney</marcx:subfield><marcx:subfield code="h">Barbara</marcx:subfield></marcx:datafield><marcx:datafield tag="700" ind1="0" ind2="0"><marcx:subfield code="a">Magnus</marcx:subfield><marcx:subfield code="h">Elisabeth von</marcx:subfield></marcx:datafield><marcx:datafield tag="700" ind1="0" ind2="0"><marcx:subfield code="a">Heilmann</marcx:subfield><marcx:subfield code="h">Uwe</marcx:subfield></marcx:datafield><marcx:datafield tag="700" ind1="0" ind2="0"><marcx:subfield code="a">Lippert</marcx:subfield><marcx:subfield code="h">Herbert</marcx:subfield></marcx:datafield><marcx:datafield tag="700" ind1="0" ind2="0"><marcx:subfield code="a">Miles</marcx:subfield><marcx:subfield code="h">Alastair</marcx:subfield></marcx:datafield><marcx:datafield tag="700" ind1="0" ind2="0"><marcx:subfield code="a">Cachemaille</marcx:subfield><marcx:subfield code="h">Gilles</marcx:subfield></marcx:datafield><marcx:datafield tag="700" ind1="0" ind2="0"><marcx:subfield code="a">Harnoncourt</marcx:subfield><marcx:subfield code="h">Nikolaus</marcx:subfield></marcx:datafield><marcx:datafield tag="710" ind1="0" ind2="0"><marcx:subfield code="a">Concentus Musicus, Wien</marcx:subfield></marcx:datafield><marcx:datafield tag="770" ind1="0" ind2="0"><marcx:subfield code="å">11</marcx:subfield><marcx:subfield code="a">Mozart</marcx:subfield><marcx:subfield code="h">Wolfgang Amadeus</marcx:subfield></marcx:datafield><marcx:datafield tag="795" ind1="0" ind2="0"><marcx:subfield code="å">11</marcx:subfield><marcx:subfield code="a">Missa brevis, C-dur, Köchel 258</marcx:subfield><marcx:subfield code="a">Missa brevis, C-dur, Köchel 259</marcx:subfield><marcx:subfield code="a">Kyrie for fem sopraner, Köchel 89</marcx:subfield><marcx:subfield code="a">Offertorium de tempore, Köchel 222</marcx:subfield><marcx:subfield code="u">Misericordias Domini</marcx:subfield></marcx:datafield><marcx:datafield tag="990" ind1="0" ind2="0"><marcx:subfield code="a">SFG</marcx:subfield><marcx:subfield code="c">C</marcx:subfield><marcx:subfield code="o">199908</marcx:subfield><marcx:subfield code="t">12.03.99</marcx:subfield></marcx:datafield><marcx:datafield tag="996" ind1="0" ind2="0"><marcx:subfield code="a">DBC</marcx:subfield></marcx:datafield></marcx:record>