
<record xsi:schemaLocation="http://www.loc.gov/standards/iso25577/marcxchange-1-1.xsd" xmlns="info:lc/xmlns/marcxchange-v1" xmlns:xsi="http://www.w3.org/2001/XMLSchema-instance"><leader>00000n    2200000   4500</leader><datafield tag="001" ind1="0" ind2="0"><subfield code="a">45705757</subfield><subfield code="b">191919</subfield><subfield code="c">20150827140744</subfield><subfield code="d">20150827</subfield><subfield code="f">a</subfield></datafield><datafield tag="002" ind1="0" ind2="0"><subfield code="b">715900</subfield><subfield code="c">90448331</subfield><subfield code="x">71590090448331</subfield></datafield><datafield tag="004" ind1="0" ind2="0"><subfield code="r">c</subfield><subfield code="a">e</subfield></datafield><datafield tag="008" ind1="0" ind2="0"><subfield code="t">m</subfield><subfield code="u">c</subfield><subfield code="a">2005</subfield><subfield code="b">de</subfield><subfield code="l">mul</subfield><subfield code="v">0</subfield></datafield><datafield tag="009" ind1="0" ind2="0"><subfield code="a">e</subfield><subfield code="g">xx</subfield></datafield><datafield tag="021" ind1="0" ind2="0"><subfield code="d">kr. 540,00</subfield></datafield><datafield tag="041" ind1="0" ind2="0"><subfield code="a">ger</subfield><subfield code="a">dan</subfield></datafield><datafield tag="245" ind1="0" ind2="0"><subfield code="a">Rund Fünen</subfield><subfield code="c">Dänemark 1</subfield><subfield code="c">Danmark 1</subfield><subfield code="e">Bearbeitung: TEAM GmbH, Herten</subfield></datafield><datafield tag="260" ind1="0" ind2="0"><subfield code="a">Bielefeld</subfield><subfield code="b">Delius, Klasing &amp; Co. KG</subfield><subfield code="c">2005</subfield></datafield><datafield tag="300" ind1="0" ind2="0"><subfield code="d">18 kort i pose</subfield><subfield code="d">1 Begleitheft</subfield></datafield><datafield tag="440" ind1="0" ind2="0"><subfield code="a">Delius Klasing- Sportbootkarten</subfield><subfield code="V">3</subfield><subfield code="v">Satz 3</subfield></datafield><datafield tag="508" ind1="0" ind2="0"><subfield code="a">Begleitheft: parallel tysk og dansk tekst</subfield></datafield><datafield tag="512" ind1="0" ind2="0"><subfield code="a">Disse kort er udarbejdet af Delius, Klasing &amp; Co. KG, Bielefeld, på grundlag af Kort- &amp; Matrikelstyrelsens digitale data</subfield></datafield><datafield tag="512" ind1="0" ind2="0"><subfield code="a">Rettet indtil uge 04/2005</subfield></datafield><datafield tag="631" ind1="0" ind2="0"><subfield code="a">søsportskort</subfield></datafield><datafield tag="652" ind1="0" ind2="0"><subfield code="m">65.91</subfield></datafield><datafield tag="745" ind1="0" ind2="0"><subfield code="a">Fyn rundt</subfield></datafield><datafield tag="996" ind1="0" ind2="0"><subfield code="a">715900</subfield></datafield></record>