
<marcx:record format="danMARC2" type="Bibliographic" xmlns:marcx="info:lc/xmlns/marcxchange-v1"><marcx:leader>00000n    2200000   4500</marcx:leader><marcx:datafield tag="001" ind1="0" ind2="0"><marcx:subfield code="a">22371673</marcx:subfield><marcx:subfield code="b">191919</marcx:subfield><marcx:subfield code="c">20000515033446</marcx:subfield><marcx:subfield code="d">19990216</marcx:subfield><marcx:subfield code="f">a</marcx:subfield></marcx:datafield><marcx:datafield tag="004" ind1="0" ind2="0"><marcx:subfield code="r">n</marcx:subfield><marcx:subfield code="a">e</marcx:subfield></marcx:datafield><marcx:datafield tag="008" ind1="0" ind2="0"><marcx:subfield code="t">s</marcx:subfield><marcx:subfield code="u">f</marcx:subfield><marcx:subfield code="a">1998</marcx:subfield><marcx:subfield code="b">de</marcx:subfield><marcx:subfield code="l">ger</marcx:subfield><marcx:subfield code="v">0</marcx:subfield></marcx:datafield><marcx:datafield tag="009" ind1="0" ind2="0"><marcx:subfield code="a">s</marcx:subfield><marcx:subfield code="g">xc</marcx:subfield></marcx:datafield><marcx:datafield tag="021" ind1="0" ind2="0"><marcx:subfield code="d">kr. 99,00</marcx:subfield></marcx:datafield><marcx:datafield tag="032" ind1="0" ind2="0"><marcx:subfield code="x">SFG199909</marcx:subfield><marcx:subfield code="x">DAT199936</marcx:subfield><marcx:subfield code="x">DAT200021</marcx:subfield></marcx:datafield><marcx:datafield tag="039" ind1="0" ind2="0"><marcx:subfield code="a">vok</marcx:subfield></marcx:datafield><marcx:datafield tag="100" ind1="0" ind2="0"><marcx:subfield code="a">Bach</marcx:subfield><marcx:subfield code="h">Johann Sebastian</marcx:subfield></marcx:datafield><marcx:datafield tag="239" ind1="0" ind2="0"><marcx:subfield code="t">Kantate nr. 58</marcx:subfield><marcx:subfield code="u">Ach Gott, wie manches Herzeleid</marcx:subfield><marcx:subfield code="ø">Armstrong</marcx:subfield></marcx:datafield><marcx:datafield tag="245" ind1="0" ind2="0"><marcx:subfield code="a">Christmas cantatas</marcx:subfield><marcx:subfield code="e">J.S. Bach</marcx:subfield><marcx:subfield code="e">Münchener Bach-Orchester</marcx:subfield><marcx:subfield code="e">dirigent: Karl Richter</marcx:subfield></marcx:datafield><marcx:datafield tag="260" ind1="0" ind2="0"><marcx:subfield code="a">Hamburg</marcx:subfield><marcx:subfield code="b">DGG</marcx:subfield><marcx:subfield code="c">c 1998, p 1972</marcx:subfield></marcx:datafield><marcx:datafield tag="300" ind1="0" ind2="0"><marcx:subfield code="n">1 cd</marcx:subfield></marcx:datafield><marcx:datafield tag="440" ind1="0" ind2="0"><marcx:subfield code="a">Centenary collection</marcx:subfield><marcx:subfield code="o">1970</marcx:subfield></marcx:datafield><marcx:datafield tag="512" ind1="0" ind2="0"><marcx:subfield code="a">Indspillet i München 1970</marcx:subfield></marcx:datafield><marcx:datafield tag="531" ind1="0" ind2="0"><marcx:subfield code="a">Indhold:</marcx:subfield></marcx:datafield><marcx:datafield tag="538" ind1="0" ind2="0"><marcx:subfield code="f">DGG</marcx:subfield><marcx:subfield code="g">459032-2</marcx:subfield></marcx:datafield><marcx:datafield tag="652" ind1="0" ind2="0"><marcx:subfield code="m">78.652</marcx:subfield></marcx:datafield><marcx:datafield tag="652" ind1="0" ind2="0"><marcx:subfield code="å">11</marcx:subfield><marcx:subfield code="i">78.62</marcx:subfield><marcx:subfield code="v">4</marcx:subfield><marcx:subfield code="i">78.652</marcx:subfield><marcx:subfield code="i">78.652</marcx:subfield></marcx:datafield><marcx:datafield tag="666" ind1="0" ind2="0"><marcx:subfield code="0"/><marcx:subfield code="å">11</marcx:subfield><marcx:subfield code="m">julemusik</marcx:subfield><marcx:subfield code="m">barok</marcx:subfield><marcx:subfield code="m">kantate</marcx:subfield><marcx:subfield code="n">vokal</marcx:subfield><marcx:subfield code="n">kor</marcx:subfield><marcx:subfield code="n">orkester</marcx:subfield><marcx:subfield code="p">1710-1719</marcx:subfield><marcx:subfield code="p">1720-1729</marcx:subfield><marcx:subfield code="l">Tyskland</marcx:subfield></marcx:datafield><marcx:datafield tag="700" ind1="0" ind2="0"><marcx:subfield code="a">Richter</marcx:subfield><marcx:subfield code="h">Karl</marcx:subfield></marcx:datafield><marcx:datafield tag="700" ind1="0" ind2="0"><marcx:subfield code="a">Mathis</marcx:subfield><marcx:subfield code="h">Edith</marcx:subfield></marcx:datafield><marcx:datafield tag="700" ind1="0" ind2="0"><marcx:subfield code="a">Armstrong</marcx:subfield><marcx:subfield code="h">Sheila</marcx:subfield></marcx:datafield><marcx:datafield tag="700" ind1="0" ind2="0"><marcx:subfield code="a">Reynolds</marcx:subfield><marcx:subfield code="h">Anna</marcx:subfield></marcx:datafield><marcx:datafield tag="700" ind1="0" ind2="0"><marcx:subfield code="a">Schreier</marcx:subfield><marcx:subfield code="h">Peter</marcx:subfield></marcx:datafield><marcx:datafield tag="700" ind1="0" ind2="0"><marcx:subfield code="å">1</marcx:subfield><marcx:subfield code="a">Fischer-Dieskau</marcx:subfield><marcx:subfield code="h">Dietrich</marcx:subfield></marcx:datafield><marcx:datafield tag="710" ind1="0" ind2="0"><marcx:subfield code="a">Münchener Bach-Kor</marcx:subfield></marcx:datafield><marcx:datafield tag="710" ind1="0" ind2="0"><marcx:subfield code="a">Münchener Bach-Orkester</marcx:subfield></marcx:datafield><marcx:datafield tag="770" ind1="0" ind2="0"><marcx:subfield code="å">11</marcx:subfield><marcx:subfield code="a">Bach</marcx:subfield><marcx:subfield code="h">Johann Sebastian</marcx:subfield></marcx:datafield><marcx:datafield tag="795" ind1="0" ind2="0"><marcx:subfield code="å">11</marcx:subfield><marcx:subfield code="a">Kantate nr. 58</marcx:subfield><marcx:subfield code="u">Ach Gott, wie manches Herzeleid</marcx:subfield><marcx:subfield code="e">solister: Sheila Armstrong og Dietrich Fischer-Dieskau</marcx:subfield><marcx:subfield code="a">Kantate nr. 63</marcx:subfield><marcx:subfield code="u">Christen, ätzet diesen Tag</marcx:subfield><marcx:subfield code="e">solister: Edith Mathis, Anna Reynolds, Peter Schreier og Dietrich Fischer-Dieskau</marcx:subfield><marcx:subfield code="e">Münchener Bach-Chor</marcx:subfield><marcx:subfield code="a">Kantate nr. 64</marcx:subfield><marcx:subfield code="u">Sehet, welch eine Liebe hat uns der Vater erzeiget</marcx:subfield><marcx:subfield code="e">solister: Edith Mathis, Anna Reynolds og Dietrich Fischer-Dieskau</marcx:subfield><marcx:subfield code="e">Münchener Bach-Chor</marcx:subfield></marcx:datafield><marcx:datafield tag="900" ind1="0" ind2="0"><marcx:subfield code="a">Dieskau</marcx:subfield><marcx:subfield code="h">Dietrich Fischer-</marcx:subfield><marcx:subfield code="z">700/1</marcx:subfield></marcx:datafield><marcx:datafield tag="990" ind1="0" ind2="0"><marcx:subfield code="a">SFG</marcx:subfield><marcx:subfield code="c">C</marcx:subfield><marcx:subfield code="o">199909</marcx:subfield><marcx:subfield code="t">19.03.99</marcx:subfield></marcx:datafield><marcx:datafield tag="996" ind1="0" ind2="0"><marcx:subfield code="a">DBC</marcx:subfield></marcx:datafield></marcx:record>