
<marcx:record format="danMARC2" type="Bibliographic" xmlns:marcx="info:lc/xmlns/marcxchange-v1"><marcx:leader>00000n    2200000   4500</marcx:leader><marcx:datafield tag="001" ind1="0" ind2="0"><marcx:subfield code="a">25798783</marcx:subfield><marcx:subfield code="b">191919</marcx:subfield><marcx:subfield code="c">20050617092559</marcx:subfield><marcx:subfield code="d">20050617</marcx:subfield><marcx:subfield code="f">a</marcx:subfield></marcx:datafield><marcx:datafield tag="004" ind1="0" ind2="0"><marcx:subfield code="r">n</marcx:subfield><marcx:subfield code="a">e</marcx:subfield></marcx:datafield><marcx:datafield tag="008" ind1="0" ind2="0"><marcx:subfield code="t">m</marcx:subfield><marcx:subfield code="u">f</marcx:subfield><marcx:subfield code="a">2003</marcx:subfield><marcx:subfield code="b">ir</marcx:subfield><marcx:subfield code="l">per</marcx:subfield><marcx:subfield code="v">0</marcx:subfield></marcx:datafield><marcx:datafield tag="009" ind1="0" ind2="0"><marcx:subfield code="a">m</marcx:subfield><marcx:subfield code="g">nh</marcx:subfield></marcx:datafield><marcx:datafield tag="245" ind1="0" ind2="0"><marcx:subfield code="a">Muʻādilah</marcx:subfield><marcx:subfield code="e">instruktion Ibrāhı̄m Vaḥı̄d'zādah</marcx:subfield></marcx:datafield><marcx:datafield tag="260" ind1="0" ind2="0"><marcx:subfield code="a">Teheran</marcx:subfield><marcx:subfield code="g">Hunarhāy-i taṣvı̄rı̄</marcx:subfield><marcx:subfield code="c">1382 [2003]</marcx:subfield></marcx:datafield><marcx:datafield tag="300" ind1="0" ind2="0"><marcx:subfield code="n">1 kassette</marcx:subfield><marcx:subfield code="e">VHS</marcx:subfield></marcx:datafield><marcx:datafield tag="504" ind1="0" ind2="0"><marcx:subfield code="a">Samfundskritisk og underholdene film</marcx:subfield></marcx:datafield><marcx:datafield tag="512" ind1="0" ind2="0"><marcx:subfield code="a">Medvirkende: Ḥusayn Yārı̄, Marı̄lā Zāriʻı̄, Saʻı̄d Pūr'ṣamı̄mı̄ m. fl.</marcx:subfield></marcx:datafield><marcx:datafield tag="652" ind1="0" ind2="0"><marcx:subfield code="m">77.7</marcx:subfield></marcx:datafield><marcx:datafield tag="700" ind1="0" ind2="0"><marcx:subfield code="a">Vaḥı̄d'zādah</marcx:subfield><marcx:subfield code="h">Ibrāhı̄m</marcx:subfield></marcx:datafield><marcx:datafield tag="700" ind1="0" ind2="0"><marcx:subfield code="a">Zāriʻı̄</marcx:subfield><marcx:subfield code="h">Marı̄lā</marcx:subfield></marcx:datafield><marcx:datafield tag="700" ind1="0" ind2="0"><marcx:subfield code="a">Pūr'ṣamı̄mı̄</marcx:subfield><marcx:subfield code="h">Saʻı̄d</marcx:subfield></marcx:datafield><marcx:datafield tag="700" ind1="0" ind2="0"><marcx:subfield code="a">Yārı̄</marcx:subfield><marcx:subfield code="h">Ḥusayn</marcx:subfield></marcx:datafield><marcx:datafield tag="996" ind1="0" ind2="0"><marcx:subfield code="a">700300</marcx:subfield></marcx:datafield></marcx:record>