
<record xsi:schemaLocation="http://www.loc.gov/standards/iso25577/marcxchange-1-1.xsd" xmlns="info:lc/xmlns/marcxchange-v1" xmlns:xsi="http://www.w3.org/2001/XMLSchema-instance"><leader>00000n    2200000   4500</leader><datafield tag="001" ind1="0" ind2="0"><subfield code="a">45705781</subfield><subfield code="b">191919</subfield><subfield code="c">20150827140750</subfield><subfield code="d">20150827</subfield><subfield code="f">a</subfield></datafield><datafield tag="002" ind1="0" ind2="0"><subfield code="b">715900</subfield><subfield code="c">90457764</subfield><subfield code="x">71590090457764</subfield></datafield><datafield tag="004" ind1="0" ind2="0"><subfield code="r">c</subfield><subfield code="a">e</subfield></datafield><datafield tag="008" ind1="0" ind2="0"><subfield code="t">m</subfield><subfield code="u">f</subfield><subfield code="a">2003</subfield><subfield code="b">ir</subfield><subfield code="l">per</subfield><subfield code="v">0</subfield></datafield><datafield tag="009" ind1="0" ind2="0"><subfield code="a">a</subfield><subfield code="g">xx</subfield></datafield><datafield tag="021" ind1="0" ind2="0"><subfield code="a">964-6142-28-1</subfield></datafield><datafield tag="100" ind1="0" ind2="0"><subfield code="a">De Rosis</subfield><subfield code="h">Helen</subfield></datafield><datafield tag="241" ind1="0" ind2="0"><subfield code="a">Women &amp; anxiety: a step by step program for managing anxiety and depression</subfield></datafield><datafield tag="245" ind1="0" ind2="0"><subfield code="a">Zan va iztirab</subfield><subfield code="c">Barnamah-yi qadam bah qadam baray darman-i iztrab va afsurdigi</subfield><subfield code="e">Hilin Di Rusis</subfield></datafield><datafield tag="260" ind1="0" ind2="0"><subfield code="a">Teheran</subfield><subfield code="b">Nashr-i Mihr</subfield><subfield code="c">2003</subfield></datafield><datafield tag="300" ind1="0" ind2="0"><subfield code="a">318 sider</subfield></datafield><datafield tag="504" ind1="0" ind2="0"><subfield code="a">Om kvinder og depression - hvordan man kan hjælpe depressive kvinder</subfield></datafield><datafield tag="652" ind1="0" ind2="0"><subfield code="m">61.643</subfield></datafield><datafield tag="666" ind1="0" ind2="0"><subfield code="f">kvinder</subfield></datafield><datafield tag="666" ind1="0" ind2="0"><subfield code="f">depression</subfield></datafield><datafield tag="666" ind1="0" ind2="0"><subfield code="f">behandling</subfield></datafield><datafield tag="900" ind1="0" ind2="0"><subfield code="a">Rosis</subfield><subfield code="h">Helen De</subfield><subfield code="z">100</subfield></datafield><datafield tag="996" ind1="0" ind2="0"><subfield code="a">715900</subfield></datafield></record>