
<record xsi:schemaLocation="http://www.loc.gov/standards/iso25577/marcxchange-1-1.xsd" xmlns="info:lc/xmlns/marcxchange-v1" xmlns:xsi="http://www.w3.org/2001/XMLSchema-instance"><leader>00000n    2200000   4500</leader><datafield tag="001" ind1="0" ind2="0"><subfield code="a">45705803</subfield><subfield code="b">191919</subfield><subfield code="c">20150827140751</subfield><subfield code="d">20150827</subfield><subfield code="f">a</subfield></datafield><datafield tag="002" ind1="0" ind2="0"><subfield code="b">715900</subfield><subfield code="c">90484974</subfield><subfield code="x">71590090484974</subfield></datafield><datafield tag="004" ind1="0" ind2="0"><subfield code="r">c</subfield><subfield code="a">e</subfield></datafield><datafield tag="008" ind1="0" ind2="0"><subfield code="t">m</subfield><subfield code="u">f</subfield><subfield code="a">2006</subfield><subfield code="b">se</subfield><subfield code="l">swe</subfield><subfield code="v">0</subfield></datafield><datafield tag="009" ind1="0" ind2="0"><subfield code="a">a</subfield><subfield code="g">xx</subfield></datafield><datafield tag="021" ind1="0" ind2="0"><subfield code="e">9789113015569</subfield></datafield><datafield tag="021" ind1="0" ind2="0"><subfield code="a">91-1-301556-7</subfield></datafield><datafield tag="100" ind1="0" ind2="0"><subfield code="a">Sjödin</subfield><subfield code="h">Eva</subfield></datafield><datafield tag="245" ind1="0" ind2="0"><subfield code="a">Gränsland</subfield><subfield code="e">Eva Sjödin</subfield></datafield><datafield tag="260" ind1="0" ind2="0"><subfield code="a">Stockholm</subfield><subfield code="b">Norstedts</subfield><subfield code="c">2006</subfield></datafield><datafield tag="300" ind1="0" ind2="0"><subfield code="a">67 sider</subfield></datafield><datafield tag="440" ind1="0" ind2="0"><subfield code="0"></subfield><subfield code="a">Nordstedts lyrik</subfield></datafield><datafield tag="520" ind1="0" ind2="0"><subfield code="a">Originaludgave: 2006</subfield></datafield><datafield tag="652" ind1="0" ind2="0"><subfield code="m">87</subfield></datafield><datafield tag="996" ind1="0" ind2="0"><subfield code="a">715900</subfield></datafield></record>