
<record xsi:schemaLocation="http://www.loc.gov/standards/iso25577/marcxchange-1-1.xsd" xmlns="info:lc/xmlns/marcxchange-v1" xmlns:xsi="http://www.w3.org/2001/XMLSchema-instance"><leader>00000n    2200000   4500</leader><datafield tag="001" ind1="0" ind2="0"><subfield code="a">45705811</subfield><subfield code="b">191919</subfield><subfield code="c">20150827140752</subfield><subfield code="d">20150827</subfield><subfield code="f">a</subfield></datafield><datafield tag="002" ind1="0" ind2="0"><subfield code="b">715900</subfield><subfield code="c">90485458</subfield><subfield code="x">71590090485458</subfield></datafield><datafield tag="004" ind1="0" ind2="0"><subfield code="r">c</subfield><subfield code="a">e</subfield></datafield><datafield tag="008" ind1="0" ind2="0"><subfield code="t">m</subfield><subfield code="u">f</subfield><subfield code="a">2007</subfield><subfield code="b">de</subfield><subfield code="l">ger</subfield><subfield code="v">0</subfield></datafield><datafield tag="009" ind1="0" ind2="0"><subfield code="a">a</subfield><subfield code="g">xx</subfield></datafield><datafield tag="021" ind1="0" ind2="0"><subfield code="e">9783775719186</subfield></datafield><datafield tag="245" ind1="0" ind2="0"><subfield code="a">Die ¤expressive Geste</subfield><subfield code="c">deutsche Expressionisten und afrikanische Kunst</subfield><subfield code="e">Einführung: Peter Stepan</subfield><subfield code="e">Ausstellungsidee: Wolfgang Lauber</subfield></datafield><datafield tag="260" ind1="0" ind2="0"><subfield code="a">Ostfildern</subfield><subfield code="b">Hatje Cantz</subfield><subfield code="c">2007</subfield></datafield><datafield tag="300" ind1="0" ind2="0"><subfield code="a">127 sider</subfield><subfield code="b">ill. (nogle i farver)</subfield></datafield><datafield tag="507" ind1="0" ind2="0"><subfield code="a">Udgivet i forbindelse med udstillingen "Die Expressive Geste. Deutsche Expressionisten und afrikanische Kunst". Städtische Galerie Neues Schloss und Bibelgalerie, Meersburg am Bodensee, 7. juni - 2. september 2007</subfield></datafield><datafield tag="631" ind1="0" ind2="0"><subfield code="a">Die ¤Brücke</subfield></datafield><datafield tag="652" ind1="0" ind2="0"><subfield code="m">70.941</subfield></datafield><datafield tag="652" ind1="0" ind2="0"><subfield code="p">75.0941</subfield></datafield><datafield tag="666" ind1="0" ind2="0"><subfield code="f">kunst</subfield></datafield><datafield tag="666" ind1="0" ind2="0"><subfield code="f">tysk kunst</subfield></datafield><datafield tag="666" ind1="0" ind2="0"><subfield code="f">malerkunst</subfield></datafield><datafield tag="666" ind1="0" ind2="0"><subfield code="f">tysk malerkunst</subfield></datafield><datafield tag="666" ind1="0" ind2="0"><subfield code="f">grafik</subfield></datafield><datafield tag="666" ind1="0" ind2="0"><subfield code="f">skulptur</subfield></datafield><datafield tag="666" ind1="0" ind2="0"><subfield code="f">ekspressionisme</subfield></datafield><datafield tag="666" ind1="0" ind2="0"><subfield code="e">Tyskland</subfield></datafield><datafield tag="666" ind1="0" ind2="0"><subfield code="i">1900-1999</subfield></datafield><datafield tag="700" ind1="0" ind2="0"><subfield code="a">Stepan</subfield><subfield code="h">Peter</subfield></datafield><datafield tag="700" ind1="0" ind2="0"><subfield code="a">Lauber</subfield><subfield code="h">Wolfgang</subfield></datafield><datafield tag="996" ind1="0" ind2="0"><subfield code="a">715900</subfield></datafield></record>