
<marcx:record format="danMARC2" type="Bibliographic" xmlns:marcx="info:lc/xmlns/marcxchange-v1"><marcx:leader>00000n    2200000   4500</marcx:leader><marcx:datafield tag="001" ind1="0" ind2="0"><marcx:subfield code="a">41966378</marcx:subfield><marcx:subfield code="b">191919</marcx:subfield><marcx:subfield code="c">19990426175232</marcx:subfield><marcx:subfield code="d">19990330</marcx:subfield><marcx:subfield code="f">a</marcx:subfield></marcx:datafield><marcx:datafield tag="002" ind1="0" ind2="0"><marcx:subfield code="b">710100</marcx:subfield><marcx:subfield code="c">90746502</marcx:subfield><marcx:subfield code="x">71010090746502</marcx:subfield></marcx:datafield><marcx:datafield tag="004" ind1="0" ind2="0"><marcx:subfield code="r">n</marcx:subfield><marcx:subfield code="a">e</marcx:subfield></marcx:datafield><marcx:datafield tag="008" ind1="0" ind2="0"><marcx:subfield code="t">s</marcx:subfield><marcx:subfield code="v">0</marcx:subfield></marcx:datafield><marcx:datafield tag="009" ind1="0" ind2="0"><marcx:subfield code="a">s</marcx:subfield><marcx:subfield code="g">xc</marcx:subfield></marcx:datafield><marcx:datafield tag="039" ind1="0" ind2="0"><marcx:subfield code="a">ork</marcx:subfield></marcx:datafield><marcx:datafield tag="100" ind1="0" ind2="0"><marcx:subfield code="a">Beethoven</marcx:subfield><marcx:subfield code="h">Ludwig van</marcx:subfield></marcx:datafield><marcx:datafield tag="245" ind1="0" ind2="0"><marcx:subfield code="a">Koncert for klaver og orkester nr. 4, G-dur, opus 58</marcx:subfield><marcx:subfield code="ø">Vladar</marcx:subfield></marcx:datafield><marcx:datafield tag="260" ind1="0" ind2="0"><marcx:subfield code="b">Naxos</marcx:subfield></marcx:datafield><marcx:datafield tag="300" ind1="0" ind2="0"><marcx:subfield code="n">1 cd</marcx:subfield><marcx:subfield code="b">Digitaloptagelse</marcx:subfield></marcx:datafield><marcx:datafield tag="512" ind1="0" ind2="0"><marcx:subfield code="a">Indspillet i Bratislava 1988</marcx:subfield></marcx:datafield><marcx:datafield tag="513" ind1="0" ind2="0"><marcx:subfield code="e">Stefan \Vladar\, klaver</marcx:subfield><marcx:subfield code="e">Capella Istropolitana</marcx:subfield><marcx:subfield code="e">dirigent: Barry Wordsworth</marcx:subfield></marcx:datafield><marcx:datafield tag="531" ind1="0" ind2="0"><marcx:subfield code="a">Indeholder også:</marcx:subfield></marcx:datafield><marcx:datafield tag="538" ind1="0" ind2="0"><marcx:subfield code="f">Naxos</marcx:subfield><marcx:subfield code="g">8.553266</marcx:subfield></marcx:datafield><marcx:datafield tag="652" ind1="0" ind2="0"><marcx:subfield code="m">78.412</marcx:subfield><marcx:subfield code="v">33</marcx:subfield></marcx:datafield><marcx:datafield tag="652" ind1="0" ind2="0"><marcx:subfield code="å">11</marcx:subfield><marcx:subfield code="i">78.412</marcx:subfield><marcx:subfield code="v">33</marcx:subfield></marcx:datafield><marcx:datafield tag="666" ind1="0" ind2="0"><marcx:subfield code="m">wienerklassik</marcx:subfield><marcx:subfield code="m">klassik</marcx:subfield><marcx:subfield code="m">romantik</marcx:subfield><marcx:subfield code="m">klaverkoncert</marcx:subfield><marcx:subfield code="n">instrumental</marcx:subfield><marcx:subfield code="n">klaver</marcx:subfield><marcx:subfield code="n">orkester</marcx:subfield><marcx:subfield code="p">1800-1809</marcx:subfield><marcx:subfield code="l">Tyskland</marcx:subfield></marcx:datafield><marcx:datafield tag="700" ind1="0" ind2="0"><marcx:subfield code="a">Vladar</marcx:subfield><marcx:subfield code="h">Stefan</marcx:subfield></marcx:datafield><marcx:datafield tag="700" ind1="0" ind2="0"><marcx:subfield code="a">Wordsworth</marcx:subfield><marcx:subfield code="h">Barry</marcx:subfield></marcx:datafield><marcx:datafield tag="710" ind1="0" ind2="0"><marcx:subfield code="a">Capella Istropolitana</marcx:subfield></marcx:datafield><marcx:datafield tag="770" ind1="0" ind2="0"><marcx:subfield code="å">11</marcx:subfield><marcx:subfield code="a">Beethoven</marcx:subfield><marcx:subfield code="h">Ludwig van</marcx:subfield></marcx:datafield><marcx:datafield tag="795" ind1="0" ind2="0"><marcx:subfield code="å">11</marcx:subfield><marcx:subfield code="a">Koncert for klaver og orkester nr. 5, Es-dur, opus 73</marcx:subfield><marcx:subfield code="c">Kejserkoncert</marcx:subfield></marcx:datafield><marcx:datafield tag="795" ind1="0" ind2="0"><marcx:subfield code="å">40</marcx:subfield><marcx:subfield code="y">0</marcx:subfield><marcx:subfield code="a">Kejserkoncert</marcx:subfield></marcx:datafield><marcx:datafield tag="996" ind1="0" ind2="0"><marcx:subfield code="a">710100</marcx:subfield></marcx:datafield></marcx:record>