
<record xsi:schemaLocation="http://www.loc.gov/standards/iso25577/marcxchange-1-1.xsd" xmlns="info:lc/xmlns/marcxchange-v1" xmlns:xsi="http://www.w3.org/2001/XMLSchema-instance"><leader>00000n    2200000   4500</leader><datafield tag="001" ind1="0" ind2="0"><subfield code="a">45705838</subfield><subfield code="b">191919</subfield><subfield code="c">20150827140756</subfield><subfield code="d">20150827</subfield><subfield code="f">a</subfield></datafield><datafield tag="002" ind1="0" ind2="0"><subfield code="b">715900</subfield><subfield code="c">90498134</subfield><subfield code="x">71590090498134</subfield></datafield><datafield tag="004" ind1="0" ind2="0"><subfield code="r">c</subfield><subfield code="a">e</subfield></datafield><datafield tag="008" ind1="0" ind2="0"><subfield code="t">m</subfield><subfield code="u">f</subfield><subfield code="a">2008</subfield><subfield code="b">gb</subfield><subfield code="l">eng</subfield><subfield code="v">0</subfield></datafield><datafield tag="009" ind1="0" ind2="0"><subfield code="a">a</subfield><subfield code="g">xx</subfield></datafield><datafield tag="021" ind1="0" ind2="0"><subfield code="e">9781906098360</subfield></datafield><datafield tag="100" ind1="0" ind2="0"><subfield code="a">Box</subfield><subfield code="h">Ben</subfield></datafield><datafield tag="245" ind1="0" ind2="0"><subfield code="a">South American handbook 2009</subfield><subfield code="e">Ben Box</subfield></datafield><datafield tag="250" ind1="0" ind2="0"><subfield code="a">85. edition</subfield></datafield><datafield tag="260" ind1="0" ind2="0"><subfield code="a">Bath</subfield><subfield code="b">Footprint Handbooks</subfield><subfield code="c">2008</subfield></datafield><datafield tag="300" ind1="0" ind2="0"><subfield code="a">1796 sider</subfield><subfield code="b">ill. (nogle i farver)</subfield></datafield><datafield tag="440" ind1="0" ind2="0"><subfield code="0"></subfield><subfield code="a">Footprint handbooks</subfield></datafield><datafield tag="631" ind1="0" ind2="0"><subfield code="a">Sydamerika</subfield></datafield><datafield tag="652" ind1="0" ind2="0"><subfield code="m">48.7</subfield></datafield><datafield tag="666" ind1="0" ind2="0"><subfield code="o">rejseførere</subfield></datafield><datafield tag="996" ind1="0" ind2="0"><subfield code="a">715900</subfield></datafield></record>