
<record xsi:schemaLocation="http://www.loc.gov/standards/iso25577/marcxchange-1-1.xsd" xmlns="info:lc/xmlns/marcxchange-v1" xmlns:xsi="http://www.w3.org/2001/XMLSchema-instance"><leader>00000n    2200000   4500</leader><datafield tag="001" ind1="0" ind2="0"><subfield code="a">45705846</subfield><subfield code="b">191919</subfield><subfield code="c">20150827140757</subfield><subfield code="d">20150827</subfield><subfield code="f">a</subfield></datafield><datafield tag="002" ind1="0" ind2="0"><subfield code="b">715900</subfield><subfield code="c">90501674</subfield><subfield code="x">71590090501674</subfield></datafield><datafield tag="004" ind1="0" ind2="0"><subfield code="r">c</subfield><subfield code="a">e</subfield></datafield><datafield tag="008" ind1="0" ind2="0"><subfield code="t">m</subfield><subfield code="u">f</subfield><subfield code="a">2008</subfield><subfield code="b">dk</subfield><subfield code="l">dan</subfield><subfield code="v">0</subfield></datafield><datafield tag="009" ind1="0" ind2="0"><subfield code="a">a</subfield><subfield code="g">xx</subfield></datafield><datafield tag="245" ind1="0" ind2="0"><subfield code="a">Haveforeninger i Gladsaxe</subfield><subfield code="e">tekst: Eva Molin, fotos: Eva Molin m.fl</subfield></datafield><datafield tag="260" ind1="0" ind2="0"><subfield code="a">Søborg</subfield><subfield code="b">Gladsaxe Byarkiv</subfield><subfield code="c">2008</subfield></datafield><datafield tag="300" ind1="0" ind2="0"><subfield code="a">30 sider</subfield><subfield code="b">ill. (nogle i farver)</subfield></datafield><datafield tag="652" ind1="0" ind2="0"><subfield code="m">63.58</subfield></datafield><datafield tag="666" ind1="0" ind2="0"><subfield code="f">kolonihaver</subfield></datafield><datafield tag="666" ind1="0" ind2="0"><subfield code="f">haveforeninger</subfield></datafield><datafield tag="666" ind1="0" ind2="0"><subfield code="e">Gladsaxe</subfield></datafield><datafield tag="700" ind1="0" ind2="0"><subfield code="a">Molin</subfield><subfield code="h">Eva</subfield></datafield><datafield tag="710" ind1="0" ind2="0"><subfield code="a">Gladsaxe Byarkiv</subfield></datafield><datafield tag="745" ind1="0" ind2="0"><subfield code="a">Kolonihaver i Gladsaxe</subfield></datafield><datafield tag="910" ind1="0" ind2="0"><subfield code="s">Gladsaxe Kommune</subfield><subfield code="c">Byarkivet</subfield><subfield code="x">se</subfield><subfield code="z">710</subfield></datafield><datafield tag="996" ind1="0" ind2="0"><subfield code="a">715900</subfield></datafield></record>