
<record xsi:schemaLocation="http://www.loc.gov/standards/iso25577/marcxchange-1-1.xsd" xmlns="info:lc/xmlns/marcxchange-v1" xmlns:xsi="http://www.w3.org/2001/XMLSchema-instance"><leader>00000n    2200000   4500</leader><datafield tag="001" ind1="0" ind2="0"><subfield code="a">45705854</subfield><subfield code="b">191919</subfield><subfield code="c">20150827140758</subfield><subfield code="d">20150827</subfield><subfield code="f">a</subfield></datafield><datafield tag="002" ind1="0" ind2="0"><subfield code="b">715900</subfield><subfield code="c">90524453</subfield><subfield code="x">71590090524453</subfield></datafield><datafield tag="004" ind1="0" ind2="0"><subfield code="r">c</subfield><subfield code="a">e</subfield></datafield><datafield tag="008" ind1="0" ind2="0"><subfield code="t">m</subfield><subfield code="u">f</subfield><subfield code="a">2010</subfield><subfield code="b">us</subfield><subfield code="l">eng</subfield><subfield code="d">y</subfield><subfield code="v">0</subfield></datafield><datafield tag="009" ind1="0" ind2="0"><subfield code="a">a</subfield><subfield code="g">xx</subfield></datafield><datafield tag="021" ind1="0" ind2="0"><subfield code="e">9781594488955</subfield></datafield><datafield tag="100" ind1="0" ind2="0"><subfield code="a">Aaronovitch</subfield><subfield code="h">David</subfield><subfield code="4">aut</subfield></datafield><datafield tag="245" ind1="0" ind2="0"><subfield code="a">Voodoo histories</subfield><subfield code="c">the role of the conspiracy theory in shaping modern history</subfield></datafield><datafield tag="260" ind1="0" ind2="0"><subfield code="e">New York, N.Y.</subfield><subfield code="b">Riverhead</subfield><subfield code="c">2010</subfield></datafield><datafield tag="300" ind1="0" ind2="0"><subfield code="a">388 sider, 6 tavler</subfield></datafield><datafield tag="532" ind1="0" ind2="0"><subfield code="a">Bibliography: side 373-378</subfield></datafield><datafield tag="652" ind1="0" ind2="0"><subfield code="m">90.1</subfield></datafield><datafield tag="666" ind1="0" ind2="0"><subfield code="f">konspirationsteorier</subfield></datafield><datafield tag="666" ind1="0" ind2="0"><subfield code="f">historie</subfield></datafield><datafield tag="996" ind1="0" ind2="0"><subfield code="a">715900</subfield></datafield></record>