
<marcx:record format="danMARC2" type="Bibliographic" xmlns:marcx="info:lc/xmlns/marcxchange-v1"><marcx:leader>00000n    2200000   4500</marcx:leader><marcx:datafield tag="001" ind1="0" ind2="0"><marcx:subfield code="a">01704044</marcx:subfield><marcx:subfield code="b">191919</marcx:subfield><marcx:subfield code="c">19770822</marcx:subfield><marcx:subfield code="d">19770819</marcx:subfield><marcx:subfield code="f">a</marcx:subfield><marcx:subfield code="o">c</marcx:subfield></marcx:datafield><marcx:datafield tag="004" ind1="0" ind2="0"><marcx:subfield code="r">n</marcx:subfield><marcx:subfield code="a">e</marcx:subfield></marcx:datafield><marcx:datafield tag="008" ind1="0" ind2="0"><marcx:subfield code="t">m</marcx:subfield><marcx:subfield code="u">f</marcx:subfield><marcx:subfield code="a">1970</marcx:subfield><marcx:subfield code="b">us</marcx:subfield><marcx:subfield code="l">eng</marcx:subfield><marcx:subfield code="v">4</marcx:subfield></marcx:datafield><marcx:datafield tag="009" ind1="0" ind2="0"><marcx:subfield code="a">a</marcx:subfield><marcx:subfield code="g">xx</marcx:subfield></marcx:datafield><marcx:datafield tag="100" ind1="0" ind2="0"><marcx:subfield code="a">Matt</marcx:subfield><marcx:subfield code="h">Leonard von</marcx:subfield></marcx:datafield><marcx:datafield tag="245" ind1="0" ind2="0"><marcx:subfield code="a">Art treasures of the Vatican Library</marcx:subfield><marcx:subfield code="f">text by Georg Daltrop and Adriano Prandi</marcx:subfield></marcx:datafield><marcx:datafield tag="260" ind1="0" ind2="0"><marcx:subfield code="a">New York</marcx:subfield><marcx:subfield code="b">Abrams</marcx:subfield><marcx:subfield code="c">1970</marcx:subfield></marcx:datafield><marcx:datafield tag="300" ind1="0" ind2="0"><marcx:subfield code="a">183 sider</marcx:subfield><marcx:subfield code="b">ill.</marcx:subfield></marcx:datafield><marcx:datafield tag="652" ind1="0" ind2="0"><marcx:subfield code="m">70.87581</marcx:subfield></marcx:datafield><marcx:datafield tag="996" ind1="0" ind2="0"><marcx:subfield code="a">RET</marcx:subfield></marcx:datafield></marcx:record>