
<marcx:record format="danMARC2" type="Bibliographic" xmlns:marcx="info:lc/xmlns/marcxchange-v1"><marcx:leader>00000n    2200000   4500</marcx:leader><marcx:datafield tag="001" ind1="0" ind2="0"><marcx:subfield code="a">25799682</marcx:subfield><marcx:subfield code="b">191919</marcx:subfield><marcx:subfield code="c">20060620180910</marcx:subfield><marcx:subfield code="d">20050617</marcx:subfield><marcx:subfield code="f">a</marcx:subfield></marcx:datafield><marcx:datafield tag="004" ind1="0" ind2="0"><marcx:subfield code="r">n</marcx:subfield><marcx:subfield code="a">e</marcx:subfield></marcx:datafield><marcx:datafield tag="008" ind1="0" ind2="0"><marcx:subfield code="t">m</marcx:subfield><marcx:subfield code="u">f</marcx:subfield><marcx:subfield code="a">2005</marcx:subfield><marcx:subfield code="b">de</marcx:subfield><marcx:subfield code="l">ger</marcx:subfield><marcx:subfield code="v">0</marcx:subfield></marcx:datafield><marcx:datafield tag="009" ind1="0" ind2="0"><marcx:subfield code="a">s</marcx:subfield><marcx:subfield code="b">m</marcx:subfield><marcx:subfield code="g">th</marcx:subfield><marcx:subfield code="b">a</marcx:subfield><marcx:subfield code="h">xx</marcx:subfield></marcx:datafield><marcx:datafield tag="021" ind1="0" ind2="0"><marcx:subfield code="d">Kr. 310,00</marcx:subfield><marcx:subfield code="b">DBC mediers brugsretskategori: D</marcx:subfield><marcx:subfield code="b">DBC medier</marcx:subfield></marcx:datafield><marcx:datafield tag="023" ind1="0" ind2="0"><marcx:subfield code="a">0044007340592</marcx:subfield></marcx:datafield><marcx:datafield tag="032" ind1="0" ind2="0"><marcx:subfield code="x">SFG200527</marcx:subfield><marcx:subfield code="x">DAT990535</marcx:subfield><marcx:subfield code="x">DAT990626</marcx:subfield></marcx:datafield><marcx:datafield tag="039" ind1="0" ind2="0"><marcx:subfield code="a">opr</marcx:subfield></marcx:datafield><marcx:datafield tag="041" ind1="0" ind2="0"><marcx:subfield code="a">ger</marcx:subfield><marcx:subfield code="e">eng</marcx:subfield><marcx:subfield code="e">ger</marcx:subfield><marcx:subfield code="e">fre</marcx:subfield><marcx:subfield code="u">ger</marcx:subfield><marcx:subfield code="u">eng</marcx:subfield><marcx:subfield code="u">fre</marcx:subfield><marcx:subfield code="u">spa</marcx:subfield><marcx:subfield code="u">chi</marcx:subfield></marcx:datafield><marcx:datafield tag="100" ind1="0" ind2="0"><marcx:subfield code="a">Wagner</marcx:subfield><marcx:subfield code="h">Richard</marcx:subfield></marcx:datafield><marcx:datafield tag="239" ind1="0" ind2="0"><marcx:subfield code="t">Valkyrien</marcx:subfield><marcx:subfield code="ø">Boulez</marcx:subfield></marcx:datafield><marcx:datafield tag="245" ind1="0" ind2="0"><marcx:subfield code="a">Die ¤Walküre</marcx:subfield><marcx:subfield code="u">der ¤Ring des Nibelungen</marcx:subfield><marcx:subfield code="e">[musik] Richard Wagner</marcx:subfield><marcx:subfield code="e">production Patrice Chéreau</marcx:subfield><marcx:subfield code="e">video director Brian Large</marcx:subfield></marcx:datafield><marcx:datafield tag="260" ind1="0" ind2="0"><marcx:subfield code="a">Hamburg</marcx:subfield><marcx:subfield code="b">Deutsche Grammophon</marcx:subfield><marcx:subfield code="c">2005, p 1988</marcx:subfield></marcx:datafield><marcx:datafield tag="300" ind1="0" ind2="0"><marcx:subfield code="n">2 dvd-videoer</marcx:subfield><marcx:subfield code="l">3 t., 35 min.</marcx:subfield><marcx:subfield code="d">1 hæfte</marcx:subfield></marcx:datafield><marcx:datafield tag="508" ind1="0" ind2="0"><marcx:subfield code="a">Sunget på tysk</marcx:subfield></marcx:datafield><marcx:datafield tag="508" ind1="0" ind2="0"><marcx:subfield code="a">Undertekster på tysk, engelsk, fransk, spansk og kinesisk</marcx:subfield></marcx:datafield><marcx:datafield tag="512" ind1="0" ind2="0"><marcx:subfield code="i">Medvirkende</marcx:subfield><marcx:subfield code="e">Solister: Gwyneth Jones, Jeannine Altmeyer, Hanna Schwarz, Peter Hofmann, Matti Salminen, Donald McIntyre, Gabriele Schnaut ... et al.</marcx:subfield><marcx:subfield code="e">Orchester der Bayreuther Festspiele</marcx:subfield><marcx:subfield code="e">dirigent: Pierre Boulez</marcx:subfield></marcx:datafield><marcx:datafield tag="512" ind1="0" ind2="0"><marcx:subfield code="a">Hæfte: Engelsk, tysk og fransk tekst</marcx:subfield></marcx:datafield><marcx:datafield tag="512" ind1="0" ind2="0"><marcx:subfield code="a">Live-optagelse, Festspielhaus, Bayreuth, Tyskland juni og juli 1980</marcx:subfield></marcx:datafield><marcx:datafield tag="512" ind1="0" ind2="0"><marcx:subfield code="a">Produceret af Bayerischer Rundfunk og Unitel</marcx:subfield></marcx:datafield><marcx:datafield tag="534" ind1="0" ind2="0"><marcx:subfield code="a">Af Indholdet: Bonus (Trailers)</marcx:subfield></marcx:datafield><marcx:datafield tag="538" ind1="0" ind2="0"><marcx:subfield code="f">DGG</marcx:subfield><marcx:subfield code="g">0734059</marcx:subfield></marcx:datafield><marcx:datafield tag="652" ind1="0" ind2="0"><marcx:subfield code="m">78.81</marcx:subfield><marcx:subfield code="v">2</marcx:subfield></marcx:datafield><marcx:datafield tag="666" ind1="0" ind2="0"><marcx:subfield code="0"/><marcx:subfield code="m">romantik</marcx:subfield><marcx:subfield code="m">opera</marcx:subfield><marcx:subfield code="n">vokal</marcx:subfield><marcx:subfield code="p">1850-1859</marcx:subfield><marcx:subfield code="l">Tyskland</marcx:subfield></marcx:datafield><marcx:datafield tag="700" ind1="0" ind2="0"><marcx:subfield code="a">Altmeyer</marcx:subfield><marcx:subfield code="h">Jeannine</marcx:subfield></marcx:datafield><marcx:datafield tag="700" ind1="0" ind2="0"><marcx:subfield code="a">Boulez</marcx:subfield><marcx:subfield code="h">Pierre</marcx:subfield></marcx:datafield><marcx:datafield tag="700" ind1="0" ind2="0"><marcx:subfield code="a">Chéreau</marcx:subfield><marcx:subfield code="h">Patrice</marcx:subfield></marcx:datafield><marcx:datafield tag="700" ind1="0" ind2="0"><marcx:subfield code="a">Hofmann</marcx:subfield><marcx:subfield code="h">Peter</marcx:subfield></marcx:datafield><marcx:datafield tag="700" ind1="0" ind2="0"><marcx:subfield code="a">Jones</marcx:subfield><marcx:subfield code="h">Gwyneth</marcx:subfield></marcx:datafield><marcx:datafield tag="700" ind1="0" ind2="0"><marcx:subfield code="a">Large</marcx:subfield><marcx:subfield code="h">Brian</marcx:subfield></marcx:datafield><marcx:datafield tag="700" ind1="0" ind2="0"><marcx:subfield code="A">macintyre</marcx:subfield><marcx:subfield code="a">McIntyre</marcx:subfield><marcx:subfield code="h">Donald</marcx:subfield><marcx:subfield code="c">f. 1934</marcx:subfield></marcx:datafield><marcx:datafield tag="700" ind1="0" ind2="0"><marcx:subfield code="a">Salminen</marcx:subfield><marcx:subfield code="h">Matti</marcx:subfield></marcx:datafield><marcx:datafield tag="700" ind1="0" ind2="0"><marcx:subfield code="a">Schnaut</marcx:subfield><marcx:subfield code="h">Gabriele</marcx:subfield></marcx:datafield><marcx:datafield tag="700" ind1="0" ind2="0"><marcx:subfield code="a">Schwarz</marcx:subfield><marcx:subfield code="h">Hanna</marcx:subfield></marcx:datafield><marcx:datafield tag="710" ind1="0" ind2="0"><marcx:subfield code="a">Bayreuth-Festspillenes Orkester</marcx:subfield></marcx:datafield><marcx:datafield tag="745" ind1="0" ind2="0"><marcx:subfield code="a">Nibelungens ring</marcx:subfield></marcx:datafield><marcx:datafield tag="990" ind1="0" ind2="0"><marcx:subfield code="a">SFG</marcx:subfield><marcx:subfield code="o">200527</marcx:subfield><marcx:subfield code="c">D</marcx:subfield></marcx:datafield><marcx:datafield tag="996" ind1="0" ind2="0"><marcx:subfield code="a">DBC</marcx:subfield></marcx:datafield></marcx:record>