
<record xsi:schemaLocation="http://www.loc.gov/standards/iso25577/marcxchange-1-1.xsd" xmlns="info:lc/xmlns/marcxchange-v1" xmlns:xsi="http://www.w3.org/2001/XMLSchema-instance"><leader>00000n    2200000   4500</leader><datafield tag="001" ind1="0" ind2="0"><subfield code="a">45705862</subfield><subfield code="b">191919</subfield><subfield code="c">20150827140803</subfield><subfield code="d">20150827</subfield><subfield code="f">a</subfield></datafield><datafield tag="002" ind1="0" ind2="0"><subfield code="b">715900</subfield><subfield code="c">90529242</subfield><subfield code="x">71590090529242</subfield></datafield><datafield tag="004" ind1="0" ind2="0"><subfield code="r">c</subfield><subfield code="a">e</subfield></datafield><datafield tag="008" ind1="0" ind2="0"><subfield code="t">m</subfield><subfield code="u">f</subfield><subfield code="a">2010</subfield><subfield code="b">gb</subfield><subfield code="d">x</subfield><subfield code="j">f</subfield><subfield code="l">eng</subfield><subfield code="v">0</subfield></datafield><datafield tag="009" ind1="0" ind2="0"><subfield code="a">r</subfield><subfield code="g">xc</subfield></datafield><datafield tag="021" ind1="0" ind2="0"><subfield code="e">9781442300545</subfield></datafield><datafield tag="100" ind1="0" ind2="0"><subfield code="a">DeLillo</subfield><subfield code="h">Don</subfield><subfield code="4">aut</subfield></datafield><datafield tag="245" ind1="0" ind2="0"><subfield code="a">Point Omega</subfield><subfield code="c">a novel</subfield></datafield><datafield tag="260" ind1="0" ind2="0"><subfield code="a">London</subfield><subfield code="b">Simon &amp; Schuster Audio</subfield><subfield code="c">2010</subfield></datafield><datafield tag="300" ind1="0" ind2="0"><subfield code="a">3 cd'er i mappe</subfield></datafield><datafield tag="504" ind1="0" ind2="0"><subfield code="a">En desillusioneret tidligere militærrådgiver har søgt ensomheden i et afsidesliggende ørkenområde i Californien. Her bliver han opsøgt af en avantgarde-filminstruktør, som forsøger at overtale ham til at medvirke i en dokumentarfilm om sine oplevelser, samtidig med at de fører lange filosofiske diskussioner om krig og kunst</subfield></datafield><datafield tag="512" ind1="0" ind2="0"><subfield code="a">På omslaget: Unabridged</subfield></datafield><datafield tag="512" ind1="0" ind2="0"><subfield code="a">Gengivelse af bogen</subfield></datafield><datafield tag="520" ind1="0" ind2="0"><subfield code="a">Originaludgave: 2010</subfield></datafield><datafield tag="652" ind1="0" ind2="0"><subfield code="m">83.8</subfield></datafield><datafield tag="700" ind1="0" ind2="0"><subfield code="a">Scott</subfield><subfield code="h">Campbell</subfield><subfield code="4">dkind</subfield></datafield><datafield tag="996" ind1="0" ind2="0"><subfield code="a">715900</subfield></datafield></record>