
<record xsi:schemaLocation="http://www.loc.gov/standards/iso25577/marcxchange-1-1.xsd" xmlns="info:lc/xmlns/marcxchange-v1" xmlns:xsi="http://www.w3.org/2001/XMLSchema-instance"><leader>00000n    2200000   4500</leader><datafield tag="001" ind1="0" ind2="0"><subfield code="a">45705870</subfield><subfield code="b">191919</subfield><subfield code="c">20150827140808</subfield><subfield code="d">20150827</subfield><subfield code="f">a</subfield></datafield><datafield tag="002" ind1="0" ind2="0"><subfield code="b">715900</subfield><subfield code="c">90534408</subfield><subfield code="x">71590090534408</subfield></datafield><datafield tag="004" ind1="0" ind2="0"><subfield code="r">c</subfield><subfield code="a">e</subfield></datafield><datafield tag="008" ind1="0" ind2="0"><subfield code="t">m</subfield><subfield code="u">f</subfield><subfield code="a">2010</subfield><subfield code="b">se</subfield><subfield code="l">swe</subfield><subfield code="d">y</subfield><subfield code="v">0</subfield></datafield><datafield tag="009" ind1="0" ind2="0"><subfield code="a">a</subfield><subfield code="g">xx</subfield></datafield><datafield tag="021" ind1="0" ind2="0"><subfield code="e">9789173533997</subfield></datafield><datafield tag="100" ind1="0" ind2="0"><subfield code="a">Lindberg</subfield><subfield code="h">Bo</subfield><subfield code="4">aut</subfield></datafield><datafield tag="245" ind1="0" ind2="0"><subfield code="a">Seneca</subfield><subfield code="c">människosläktets lärare</subfield></datafield><datafield tag="260" ind1="0" ind2="0"><subfield code="a">Stockholm</subfield><subfield code="b">Atlantis</subfield><subfield code="c">2010</subfield></datafield><datafield tag="300" ind1="0" ind2="0"><subfield code="a">188 sider</subfield></datafield><datafield tag="600" ind1="0" ind2="0"><subfield code="a">Seneca</subfield><subfield code="h">Lucius Annaeus</subfield></datafield><datafield tag="631" ind1="0" ind2="0"><subfield code="f">stoikerne</subfield></datafield><datafield tag="652" ind1="0" ind2="0"><subfield code="m">99.4</subfield><subfield code="a">Seneca</subfield><subfield code="h">Lucius Annaeus</subfield></datafield><datafield tag="652" ind1="0" ind2="0"><subfield code="p">91.47</subfield></datafield><datafield tag="666" ind1="0" ind2="0"><subfield code="f">antikken</subfield></datafield><datafield tag="666" ind1="0" ind2="0"><subfield code="f">oldtiden</subfield></datafield><datafield tag="666" ind1="0" ind2="0"><subfield code="f">stoicisme</subfield></datafield><datafield tag="666" ind1="0" ind2="0"><subfield code="e">Romerriget</subfield></datafield><datafield tag="666" ind1="0" ind2="0"><subfield code="i">1-99</subfield></datafield><datafield tag="666" ind1="0" ind2="0"><subfield code="o">biografier</subfield></datafield><datafield tag="996" ind1="0" ind2="0"><subfield code="a">715900</subfield></datafield></record>