
<marcx:record format="danMARC2" type="Bibliographic" xmlns:marcx="info:lc/xmlns/marcxchange-v1"><marcx:leader>00000c    2200000   4500</marcx:leader><marcx:datafield tag="001" ind1="0" ind2="0"><marcx:subfield code="a">01799746</marcx:subfield><marcx:subfield code="b">191919</marcx:subfield><marcx:subfield code="c">20070226175725</marcx:subfield><marcx:subfield code="d">20070226</marcx:subfield><marcx:subfield code="f">a</marcx:subfield></marcx:datafield><marcx:datafield tag="004" ind1="0" ind2="0"><marcx:subfield code="a">e</marcx:subfield><marcx:subfield code="r">c</marcx:subfield></marcx:datafield><marcx:datafield tag="008" ind1="0" ind2="0"><marcx:subfield code="t">m</marcx:subfield><marcx:subfield code="u">f</marcx:subfield><marcx:subfield code="a">1971</marcx:subfield><marcx:subfield code="b">de</marcx:subfield><marcx:subfield code="v">0</marcx:subfield><marcx:subfield code="l">dan</marcx:subfield></marcx:datafield><marcx:datafield tag="009" ind1="0" ind2="0"><marcx:subfield code="a">a</marcx:subfield><marcx:subfield code="g">xx</marcx:subfield></marcx:datafield><marcx:datafield tag="021" ind1="0" ind2="0"><marcx:subfield code="x">87-98093-2-5</marcx:subfield></marcx:datafield><marcx:datafield tag="245" ind1="0" ind2="0"><marcx:subfield code="a">Flensborg</marcx:subfield><marcx:subfield code="e">foto: Hans Hoffmann</marcx:subfield><marcx:subfield code="e">tekst: Jørgen Hamre</marcx:subfield></marcx:datafield><marcx:datafield tag="260" ind1="0" ind2="0"><marcx:subfield code="a">Flensborg</marcx:subfield><marcx:subfield code="b">Christian Wolff</marcx:subfield><marcx:subfield code="c">1971</marcx:subfield></marcx:datafield><marcx:datafield tag="300" ind1="0" ind2="0"><marcx:subfield code="a">[100] sider</marcx:subfield><marcx:subfield code="b">ill. (nogle i farver)</marcx:subfield></marcx:datafield><marcx:datafield tag="520" ind1="0" ind2="0"><marcx:subfield code="a">Noget ændret udgave af: Flensburg : ein Bildband / von Hans Hoffmann</marcx:subfield></marcx:datafield><marcx:datafield tag="631" ind1="0" ind2="0"><marcx:subfield code="f">Flensburg</marcx:subfield></marcx:datafield><marcx:datafield tag="652" ind1="0" ind2="0"><marcx:subfield code="m">44.4</marcx:subfield><marcx:subfield code="b">Flensborg</marcx:subfield></marcx:datafield><marcx:datafield tag="666" ind1="0" ind2="0"><marcx:subfield code="o">billedværker</marcx:subfield></marcx:datafield><marcx:datafield tag="666" ind1="0" ind2="0"><marcx:subfield code="i">1970-1979</marcx:subfield></marcx:datafield><marcx:datafield tag="700" ind1="0" ind2="0"><marcx:subfield code="a">Hamre</marcx:subfield><marcx:subfield code="h">Jørgen</marcx:subfield></marcx:datafield><marcx:datafield tag="700" ind1="0" ind2="0"><marcx:subfield code="å">1</marcx:subfield><marcx:subfield code="a">Hoffmann</marcx:subfield><marcx:subfield code="h">Hans</marcx:subfield></marcx:datafield><marcx:datafield tag="996" ind1="0" ind2="0"><marcx:subfield code="a">700400</marcx:subfield></marcx:datafield></marcx:record>