
<record xsi:schemaLocation="http://www.loc.gov/standards/iso25577/marcxchange-1-1.xsd" xmlns="info:lc/xmlns/marcxchange-v1" xmlns:xsi="http://www.w3.org/2001/XMLSchema-instance"><leader>00000n    2200000   4500</leader><datafield tag="001" ind1="0" ind2="0"><subfield code="a">45705889</subfield><subfield code="b">191919</subfield><subfield code="c">20150827140808</subfield><subfield code="d">20150827</subfield><subfield code="f">a</subfield></datafield><datafield tag="002" ind1="0" ind2="0"><subfield code="b">715900</subfield><subfield code="c">90534483</subfield><subfield code="x">71590090534483</subfield></datafield><datafield tag="004" ind1="0" ind2="0"><subfield code="r">c</subfield><subfield code="a">e</subfield></datafield><datafield tag="008" ind1="0" ind2="0"><subfield code="t">m</subfield><subfield code="u">f</subfield><subfield code="a">2009</subfield><subfield code="b">no</subfield><subfield code="l">nor</subfield><subfield code="d">y</subfield><subfield code="v">0</subfield></datafield><datafield tag="009" ind1="0" ind2="0"><subfield code="a">a</subfield><subfield code="g">xx</subfield></datafield><datafield tag="021" ind1="0" ind2="0"><subfield code="e">9788279900801</subfield></datafield><datafield tag="245" ind1="0" ind2="0"><subfield code="a">Klassisk talekunst</subfield><subfield code="c">greske og romerske taler fra Gorgias til Cicero</subfield></datafield><datafield tag="260" ind1="0" ind2="0"><subfield code="a">Oslo</subfield><subfield code="b">Vidarforlaget</subfield><subfield code="c">2009</subfield></datafield><datafield tag="300" ind1="0" ind2="0"><subfield code="a">255 sider</subfield></datafield><datafield tag="502" ind1="0" ind2="0"><subfield code="a">Oversat fra oldgræsk og latin</subfield></datafield><datafield tag="532" ind1="0" ind2="0"><subfield code="a">Litteraturliste: side 253-256</subfield></datafield><datafield tag="652" ind1="0" ind2="0"><subfield code="m">88.2</subfield></datafield><datafield tag="666" ind1="0" ind2="0"><subfield code="f">antikken</subfield></datafield><datafield tag="666" ind1="0" ind2="0"><subfield code="f">oldtiden</subfield></datafield><datafield tag="666" ind1="0" ind2="0"><subfield code="f">retorik</subfield></datafield><datafield tag="666" ind1="0" ind2="0"><subfield code="e">Grækenland</subfield></datafield><datafield tag="666" ind1="0" ind2="0"><subfield code="e">Romerriget</subfield></datafield><datafield tag="700" ind1="0" ind2="0"><subfield code="a">Vestrheim</subfield><subfield code="h">Gert</subfield><subfield code="4">edt</subfield></datafield><datafield tag="700" ind1="0" ind2="0"><subfield code="a">Østmoe</subfield><subfield code="h">Tor Ivar</subfield><subfield code="4">edt</subfield></datafield><datafield tag="720" ind1="0" ind2="0"><subfield code="a">Tormod Eide</subfield><subfield code="4">trl</subfield><subfield code="g">1</subfield></datafield><datafield tag="996" ind1="0" ind2="0"><subfield code="a">715900</subfield></datafield></record>