
<marcx:record format="danMARC2" type="Bibliographic" xmlns:marcx="info:lc/xmlns/marcxchange-v1"><marcx:leader>00000n    2200000   4500</marcx:leader><marcx:datafield tag="001" ind1="0" ind2="0"><marcx:subfield code="a">20600381</marcx:subfield><marcx:subfield code="b">191919</marcx:subfield><marcx:subfield code="c">19940517</marcx:subfield><marcx:subfield code="d">19940502</marcx:subfield><marcx:subfield code="f">a</marcx:subfield><marcx:subfield code="o">c</marcx:subfield></marcx:datafield><marcx:datafield tag="004" ind1="0" ind2="0"><marcx:subfield code="r">n</marcx:subfield><marcx:subfield code="a">e</marcx:subfield></marcx:datafield><marcx:datafield tag="008" ind1="0" ind2="0"><marcx:subfield code="t">m</marcx:subfield><marcx:subfield code="u">f</marcx:subfield><marcx:subfield code="a">1993</marcx:subfield><marcx:subfield code="b">dk</marcx:subfield><marcx:subfield code="d">m</marcx:subfield><marcx:subfield code="l">eng</marcx:subfield><marcx:subfield code="v">0</marcx:subfield></marcx:datafield><marcx:datafield tag="009" ind1="0" ind2="0"><marcx:subfield code="a">a</marcx:subfield><marcx:subfield code="g">xx</marcx:subfield></marcx:datafield><marcx:datafield tag="021" ind1="0" ind2="0"><marcx:subfield code="c">Hf.</marcx:subfield><marcx:subfield code="d">pris og eksp. ikke oplyst</marcx:subfield></marcx:datafield><marcx:datafield tag="032" ind1="0" ind2="0"><marcx:subfield code="a">DBF199423</marcx:subfield></marcx:datafield><marcx:datafield tag="041" ind1="0" ind2="0"><marcx:subfield code="a">dan</marcx:subfield><marcx:subfield code="d">eng</marcx:subfield></marcx:datafield><marcx:datafield tag="100" ind1="0" ind2="0"><marcx:subfield code="a">Lenz</marcx:subfield><marcx:subfield code="h">Sibylle Moltzen</marcx:subfield></marcx:datafield><marcx:datafield tag="245" ind1="0" ind2="0"><marcx:subfield code="a">Heterocykliske glutaminsyre analoger</marcx:subfield><marcx:subfield code="c">design og syntese</marcx:subfield><marcx:subfield code="e">af Sibylle Moltzen Lenz</marcx:subfield></marcx:datafield><marcx:datafield tag="260" ind1="0" ind2="0"><marcx:subfield code="a">Kbh.</marcx:subfield><marcx:subfield code="b">Medicinalkemisk Forskning, H. Lundbeck A/S</marcx:subfield><marcx:subfield code="c">1993</marcx:subfield><marcx:subfield code="k">u.st., KB</marcx:subfield></marcx:datafield><marcx:datafield tag="300" ind1="0" ind2="0"><marcx:subfield code="a">xi, 179 sider, 9 tavler (nogle i farver)</marcx:subfield><marcx:subfield code="b">ill.</marcx:subfield><marcx:subfield code="d">1 bilag</marcx:subfield></marcx:datafield><marcx:datafield tag="506" ind1="0" ind2="0"><marcx:subfield code="a">Ph.d.-afhandling, Danmarks Farmaceutiske Højskole</marcx:subfield></marcx:datafield><marcx:datafield tag="532" ind1="0" ind2="0"><marcx:subfield code="&amp;">1</marcx:subfield><marcx:subfield code="a">Referencer: side 155-179</marcx:subfield></marcx:datafield><marcx:datafield tag="534" ind1="0" ind2="0"><marcx:subfield code="a">Abstract: side v-vi</marcx:subfield></marcx:datafield><marcx:datafield tag="652" ind1="0" ind2="0"><marcx:subfield code="m">61.552</marcx:subfield></marcx:datafield><marcx:datafield tag="900" ind1="0" ind2="0"><marcx:subfield code="a">Moltzen Lenz</marcx:subfield><marcx:subfield code="h">Sibylle</marcx:subfield><marcx:subfield code="z">100</marcx:subfield></marcx:datafield><marcx:datafield tag="996" ind1="0" ind2="0"><marcx:subfield code="a">DBC</marcx:subfield></marcx:datafield></marcx:record>