
<record xsi:schemaLocation="http://www.loc.gov/standards/iso25577/marcxchange-1-1.xsd" xmlns="info:lc/xmlns/marcxchange-v1" xmlns:xsi="http://www.w3.org/2001/XMLSchema-instance"><leader>00000n    2200000   4500</leader><datafield tag="001" ind1="0" ind2="0"><subfield code="a">45705897</subfield><subfield code="b">191919</subfield><subfield code="c">20150827140813</subfield><subfield code="d">20150827</subfield><subfield code="f">a</subfield></datafield><datafield tag="002" ind1="0" ind2="0"><subfield code="b">715900</subfield><subfield code="c">90534505</subfield><subfield code="x">71590090534505</subfield></datafield><datafield tag="004" ind1="0" ind2="0"><subfield code="r">c</subfield><subfield code="a">e</subfield></datafield><datafield tag="008" ind1="0" ind2="0"><subfield code="t">m</subfield><subfield code="u">r</subfield><subfield code="a">2010</subfield><subfield code="b">de</subfield><subfield code="j">f</subfield><subfield code="l">ger</subfield><subfield code="d">x</subfield><subfield code="v">0</subfield></datafield><datafield tag="009" ind1="0" ind2="0"><subfield code="a">a</subfield><subfield code="g">xx</subfield></datafield><datafield tag="021" ind1="0" ind2="0"><subfield code="e">9783831904211</subfield></datafield><datafield tag="100" ind1="0" ind2="0"><subfield code="a">Surminski</subfield><subfield code="h">Arno</subfield><subfield code="4">aut</subfield></datafield><datafield tag="245" ind1="0" ind2="0"><subfield code="a">Winter fünfundvierzig oder die Frauen von Palmnicken</subfield><subfield code="c">Roman der Zeitgeschichte</subfield></datafield><datafield tag="260" ind1="0" ind2="0"><subfield code="a">Hamburg</subfield><subfield code="b">Ellert &amp; Richter</subfield><subfield code="c">2010</subfield></datafield><datafield tag="300" ind1="0" ind2="0"><subfield code="a">331 sider, 6 kort</subfield></datafield><datafield tag="520" ind1="0" ind2="0"><subfield code="a">Originaludgave: 2010</subfield></datafield><datafield tag="652" ind1="0" ind2="0"><subfield code="m">84</subfield></datafield><datafield tag="745" ind1="0" ind2="0"><subfield code="a">Winter 45 oder die Frauen von Palmnickel</subfield></datafield><datafield tag="745" ind1="0" ind2="0"><subfield code="a">Die ¤Frauen von Palmnickel</subfield></datafield><datafield tag="996" ind1="0" ind2="0"><subfield code="a">715900</subfield></datafield></record>