
<record xsi:schemaLocation="http://www.loc.gov/standards/iso25577/marcxchange-1-1.xsd" xmlns="info:lc/xmlns/marcxchange-v1" xmlns:xsi="http://www.w3.org/2001/XMLSchema-instance"><leader>00000n    2200000   4500</leader><datafield tag="001" ind1="0" ind2="0"><subfield code="a">45705900</subfield><subfield code="b">191919</subfield><subfield code="c">20150827140814</subfield><subfield code="d">20150827</subfield><subfield code="f">a</subfield></datafield><datafield tag="002" ind1="0" ind2="0"><subfield code="b">715900</subfield><subfield code="c">90534548</subfield><subfield code="x">71590090534548</subfield></datafield><datafield tag="004" ind1="0" ind2="0"><subfield code="r">c</subfield><subfield code="a">e</subfield></datafield><datafield tag="008" ind1="0" ind2="0"><subfield code="t">s</subfield><subfield code="u">f</subfield><subfield code="a">2007</subfield><subfield code="b">de</subfield><subfield code="j">j</subfield><subfield code="l">ger</subfield><subfield code="d">x</subfield><subfield code="v">0</subfield></datafield><datafield tag="009" ind1="0" ind2="0"><subfield code="a">a</subfield><subfield code="g">xx</subfield></datafield><datafield tag="021" ind1="0" ind2="0"><subfield code="e">9783596852611</subfield></datafield><datafield tag="100" ind1="0" ind2="0"><subfield code="a">Mann</subfield><subfield code="h">Thomas</subfield><subfield code="4">aut</subfield></datafield><datafield tag="245" ind1="0" ind2="0"><subfield code="a">Das ¤Wunderkind und andere Erzählungen</subfield></datafield><datafield tag="260" ind1="0" ind2="0"><subfield code="a">Frankfurt am Main</subfield><subfield code="b">Fischer Schatzinsel</subfield><subfield code="c">2007</subfield></datafield><datafield tag="300" ind1="0" ind2="0"><subfield code="a">239 sider</subfield><subfield code="b">ill</subfield></datafield><datafield tag="530" ind1="0" ind2="0"><subfield code="a">Indhold: Der Wille zum Glück ; Der Kleiderschrank ; Tonio Kröger ; Das Wunderkind ; Das Eisenbahnunglück ; Wie Jappe und Do Escobar sich prügelten ; Unordnung und frühes Leid</subfield></datafield><datafield tag="652" ind1="0" ind2="0"><subfield code="m">84</subfield></datafield><datafield tag="700" ind1="0" ind2="0"><subfield code="a">Knappe</subfield><subfield code="h">Joachim</subfield><subfield code="4">ill</subfield></datafield><datafield tag="996" ind1="0" ind2="0"><subfield code="a">715900</subfield></datafield></record>