
<marcx:record format="danMARC2" type="Bibliographic" xmlns:marcx="info:lc/xmlns/marcxchange-v1"><marcx:leader>00000n    2200000   4500</marcx:leader><marcx:datafield tag="001" ind1="0" ind2="0"><marcx:subfield code="a">20616148</marcx:subfield><marcx:subfield code="b">191919</marcx:subfield><marcx:subfield code="c">20130809192249</marcx:subfield><marcx:subfield code="d">19940520</marcx:subfield><marcx:subfield code="f">a</marcx:subfield><marcx:subfield code="o">c</marcx:subfield></marcx:datafield><marcx:datafield tag="004" ind1="0" ind2="0"><marcx:subfield code="r">n</marcx:subfield><marcx:subfield code="a">e</marcx:subfield></marcx:datafield><marcx:datafield tag="005" ind1="0" ind2="0"><marcx:subfield code="h">c</marcx:subfield><marcx:subfield code="k">a</marcx:subfield></marcx:datafield><marcx:datafield tag="008" ind1="0" ind2="0"><marcx:subfield code="t">s</marcx:subfield><marcx:subfield code="u">f</marcx:subfield><marcx:subfield code="a">1994</marcx:subfield><marcx:subfield code="b">de</marcx:subfield><marcx:subfield code="v">0</marcx:subfield></marcx:datafield><marcx:datafield tag="009" ind1="0" ind2="0"><marcx:subfield code="a">c</marcx:subfield><marcx:subfield code="g">xx</marcx:subfield></marcx:datafield><marcx:datafield tag="021" ind1="0" ind2="0"><marcx:subfield code="n">HN 491</marcx:subfield><marcx:subfield code="c">hf.</marcx:subfield><marcx:subfield code="d">kr. 154.00</marcx:subfield></marcx:datafield><marcx:datafield tag="032" ind1="0" ind2="0"><marcx:subfield code="x">SFM199426</marcx:subfield></marcx:datafield><marcx:datafield tag="041" ind1="0" ind2="0"><marcx:subfield code="a">ger</marcx:subfield><marcx:subfield code="a">eng</marcx:subfield><marcx:subfield code="a">fre</marcx:subfield></marcx:datafield><marcx:datafield tag="100" ind1="0" ind2="0"><marcx:subfield code="a">Grieg</marcx:subfield><marcx:subfield code="h">Edvard</marcx:subfield></marcx:datafield><marcx:datafield tag="245" ind1="0" ind2="0"><marcx:subfield code="a">Slåtter, opus 72</marcx:subfield><marcx:subfield code="e">Edvard Grieg</marcx:subfield><marcx:subfield code="e">udgivet af \Einar Steen-Nökleberg\, Ernst Herttrich</marcx:subfield><marcx:subfield code="f">fingersætning af Einar Steen-Nökleberg</marcx:subfield><marcx:subfield code="Ø">steen-nökleberg</marcx:subfield><marcx:subfield code="ø">Ved Einar Steen-Nökleberg</marcx:subfield></marcx:datafield><marcx:datafield tag="260" ind1="0" ind2="0"><marcx:subfield code="a">München</marcx:subfield><marcx:subfield code="b">Henle</marcx:subfield><marcx:subfield code="c">cop. 1994</marcx:subfield></marcx:datafield><marcx:datafield tag="300" ind1="0" ind2="0"><marcx:subfield code="a">74 sider</marcx:subfield><marcx:subfield code="c">31 cm</marcx:subfield></marcx:datafield><marcx:datafield tag="512" ind1="0" ind2="0"><marcx:subfield code="a">Urtekstudgave</marcx:subfield></marcx:datafield><marcx:datafield tag="531" ind1="0" ind2="0"><marcx:subfield code="a">Indhold:</marcx:subfield></marcx:datafield><marcx:datafield tag="534" ind1="0" ind2="0"><marcx:subfield code="a">Med 3 af dansene for violin / efter Johan Halvorsens originaloptegnelser</marcx:subfield></marcx:datafield><marcx:datafield tag="534" ind1="0" ind2="0"><marcx:subfield code="a">Med revisionsberetning (tysk, engelsk, fransk)</marcx:subfield></marcx:datafield><marcx:datafield tag="652" ind1="0" ind2="0"><marcx:subfield code="m">78.53</marcx:subfield></marcx:datafield><marcx:datafield tag="700" ind1="0" ind2="0"><marcx:subfield code="å">1</marcx:subfield><marcx:subfield code="a">Steen-Nøkleberg</marcx:subfield><marcx:subfield code="h">Einar</marcx:subfield></marcx:datafield><marcx:datafield tag="700" ind1="0" ind2="0"><marcx:subfield code="a">Herttrich</marcx:subfield><marcx:subfield code="h">Ernst</marcx:subfield></marcx:datafield><marcx:datafield tag="700" ind1="0" ind2="0"><marcx:subfield code="a">Halvorsen</marcx:subfield><marcx:subfield code="h">Johan</marcx:subfield></marcx:datafield><marcx:datafield tag="745" ind1="0" ind2="0"><marcx:subfield code="a">Slåtter : norwegische Bauerntänze : opus 72</marcx:subfield></marcx:datafield><marcx:datafield tag="795" ind1="0" ind2="0"><marcx:subfield code="å">11</marcx:subfield><marcx:subfield code="a">Giböens bruremarsch</marcx:subfield><marcx:subfield code="a">Jon Væstafæ's sprindans</marcx:subfield><marcx:subfield code="a">Bruremarsch fra Telemark</marcx:subfield><marcx:subfield code="a">Haugelåt</marcx:subfield><marcx:subfield code="a">Prillaren frå Os præstegjæld</marcx:subfield><marcx:subfield code="a">Gangar efter Möllargutten</marcx:subfield><marcx:subfield code="a">Rötnamsknut</marcx:subfield><marcx:subfield code="a">Bruremarsch efter Möllargutten</marcx:subfield><marcx:subfield code="a">Nils Rekve's halling</marcx:subfield><marcx:subfield code="a">Knut Luråsens halling I</marcx:subfield><marcx:subfield code="a">Knut Luråsens halling II</marcx:subfield><marcx:subfield code="a">Sprindans efter Möllargutten</marcx:subfield><marcx:subfield code="a">Håvar Giböens draum ved Oterholtsbrue</marcx:subfield><marcx:subfield code="a">Tussebrurefæra på Vossevangen</marcx:subfield><marcx:subfield code="a">Skuldalsbruri</marcx:subfield><marcx:subfield code="a">Kivlemöyerne</marcx:subfield><marcx:subfield code="b">(Sprindans fra Seljord ; Gangar)</marcx:subfield></marcx:datafield><marcx:datafield tag="900" ind1="0" ind2="0"><marcx:subfield code="a">Nøkleberg</marcx:subfield><marcx:subfield code="h">Einar Steen-</marcx:subfield><marcx:subfield code="z">700/1</marcx:subfield></marcx:datafield><marcx:datafield tag="990" ind1="0" ind2="0"><marcx:subfield code="a">SFM</marcx:subfield><marcx:subfield code="n">72</marcx:subfield></marcx:datafield><marcx:datafield tag="996" ind1="0" ind2="0"><marcx:subfield code="a">DBC</marcx:subfield></marcx:datafield></marcx:record>