
<marcx:record format="danMARC2" type="Bibliographic" xmlns:marcx="info:lc/xmlns/marcxchange-v1"><marcx:leader>00000n    2200000   4500</marcx:leader><marcx:datafield tag="001" ind1="0" ind2="0"><marcx:subfield code="a">20690852</marcx:subfield><marcx:subfield code="b">191919</marcx:subfield><marcx:subfield code="c">19940824</marcx:subfield><marcx:subfield code="d">19940824</marcx:subfield><marcx:subfield code="f">a</marcx:subfield><marcx:subfield code="o">c</marcx:subfield></marcx:datafield><marcx:datafield tag="004" ind1="0" ind2="0"><marcx:subfield code="r">n</marcx:subfield><marcx:subfield code="a">e</marcx:subfield></marcx:datafield><marcx:datafield tag="008" ind1="0" ind2="0"><marcx:subfield code="t">s</marcx:subfield><marcx:subfield code="u">f</marcx:subfield><marcx:subfield code="a">1994</marcx:subfield><marcx:subfield code="b">dk</marcx:subfield><marcx:subfield code="l">eng</marcx:subfield><marcx:subfield code="v">0</marcx:subfield></marcx:datafield><marcx:datafield tag="009" ind1="0" ind2="0"><marcx:subfield code="a">s</marcx:subfield><marcx:subfield code="g">xc</marcx:subfield></marcx:datafield><marcx:datafield tag="021" ind1="0" ind2="0"><marcx:subfield code="d">kr. 181.00</marcx:subfield></marcx:datafield><marcx:datafield tag="032" ind1="0" ind2="0"><marcx:subfield code="a">DMO199436</marcx:subfield><marcx:subfield code="x">SFG199436</marcx:subfield></marcx:datafield><marcx:datafield tag="039" ind1="0" ind2="0"><marcx:subfield code="a">bef</marcx:subfield></marcx:datafield><marcx:datafield tag="110" ind1="0" ind2="0"><marcx:subfield code="a">Institute for the Criminally Insane</marcx:subfield></marcx:datafield><marcx:datafield tag="245" ind1="0" ind2="0"><marcx:subfield code="a">Gekippt</marcx:subfield><marcx:subfield code="i">written, produced, recorded &amp; mixed at the institute by I.C.I.</marcx:subfield><marcx:subfield code="j">Institute for the Criminally Insane (Mr. Hyde (Bo Heidelberg), Günther Karse) med Valo</marcx:subfield><marcx:subfield code="i">Institute for the Criminally Insane (Mr. Hyde (Bo Heidelberg), vocals &amp; programming ; Günther Karse, guitar &amp; programming)</marcx:subfield><marcx:subfield code="i">additional guitar &amp; wasp programming by Valo</marcx:subfield></marcx:datafield><marcx:datafield tag="260" ind1="0" ind2="0"><marcx:subfield code="b">Decay</marcx:subfield><marcx:subfield code="c">[1994]</marcx:subfield></marcx:datafield><marcx:datafield tag="531" ind1="0" ind2="0"><marcx:subfield code="a">Indhold:</marcx:subfield></marcx:datafield><marcx:datafield tag="538" ind1="0" ind2="0"><marcx:subfield code="f">Decay</marcx:subfield><marcx:subfield code="g">DK 2</marcx:subfield></marcx:datafield><marcx:datafield tag="652" ind1="0" ind2="0"><marcx:subfield code="m">78.794</marcx:subfield><marcx:subfield code="v">5</marcx:subfield></marcx:datafield><marcx:datafield tag="700" ind1="0" ind2="0"><marcx:subfield code="å">1</marcx:subfield><marcx:subfield code="a">Heidelberg</marcx:subfield><marcx:subfield code="h">Bo</marcx:subfield></marcx:datafield><marcx:datafield tag="700" ind1="0" ind2="0"><marcx:subfield code="a">Karse</marcx:subfield><marcx:subfield code="h">Günther</marcx:subfield></marcx:datafield><marcx:datafield tag="700" ind1="0" ind2="0"><marcx:subfield code="a">Valo</marcx:subfield></marcx:datafield><marcx:datafield tag="795" ind1="0" ind2="0"><marcx:subfield code="å">11</marcx:subfield><marcx:subfield code="a">A ¤handful of darkness</marcx:subfield><marcx:subfield code="a">Aquanoid</marcx:subfield><marcx:subfield code="a">Der ¤Mussolini</marcx:subfield><marcx:subfield code="i">written by Robert Görl &amp; Gabi</marcx:subfield><marcx:subfield code="a">Bodypit</marcx:subfield><marcx:subfield code="a">Rip cristo</marcx:subfield><marcx:subfield code="a">All mine</marcx:subfield><marcx:subfield code="a">Cloneclone</marcx:subfield><marcx:subfield code="a">Jailbait</marcx:subfield><marcx:subfield code="a">Slasher</marcx:subfield><marcx:subfield code="a">Gekippt</marcx:subfield></marcx:datafield><marcx:datafield tag="900" ind1="0" ind2="0"><marcx:subfield code="a">Mr. Hyde</marcx:subfield><marcx:subfield code="z">700/1</marcx:subfield></marcx:datafield><marcx:datafield tag="996" ind1="0" ind2="0"><marcx:subfield code="a">DBC</marcx:subfield></marcx:datafield></marcx:record>