
<record xsi:schemaLocation="http://www.loc.gov/standards/iso25577/marcxchange-1-1.xsd" xmlns="info:lc/xmlns/marcxchange-v1" xmlns:xsi="http://www.w3.org/2001/XMLSchema-instance"><leader>00000n    2200000   4500</leader><datafield tag="001" ind1="0" ind2="0"><subfield code="a">45705919</subfield><subfield code="b">191919</subfield><subfield code="c">20150827140815</subfield><subfield code="d">20150827</subfield><subfield code="f">a</subfield></datafield><datafield tag="002" ind1="0" ind2="0"><subfield code="b">715900</subfield><subfield code="c">90535021</subfield><subfield code="x">71590090535021</subfield></datafield><datafield tag="004" ind1="0" ind2="0"><subfield code="r">c</subfield><subfield code="a">e</subfield></datafield><datafield tag="008" ind1="0" ind2="0"><subfield code="t">m</subfield><subfield code="u">r</subfield><subfield code="a">2008</subfield><subfield code="b">gb</subfield><subfield code="l">eng</subfield><subfield code="o">b</subfield><subfield code="d">y</subfield><subfield code="v">0</subfield></datafield><datafield tag="009" ind1="0" ind2="0"><subfield code="a">a</subfield><subfield code="g">xx</subfield></datafield><datafield tag="021" ind1="0" ind2="0"><subfield code="e">9780439944496</subfield></datafield><datafield tag="100" ind1="0" ind2="0"><subfield code="a">Arnold</subfield><subfield code="h">Nick</subfield><subfield code="4">aut</subfield></datafield><datafield tag="245" ind1="0" ind2="0"><subfield code="a">Blood, bones and body bits</subfield></datafield><datafield tag="260" ind1="0" ind2="0"><subfield code="a">London</subfield><subfield code="b">Scholastic</subfield><subfield code="c">2008</subfield></datafield><datafield tag="300" ind1="0" ind2="0"><subfield code="a">171 sider</subfield><subfield code="b">ill.</subfield></datafield><datafield tag="440" ind1="0" ind2="0"><subfield code="0"></subfield><subfield code="a">Horrible science</subfield></datafield><datafield tag="504" ind1="0" ind2="0"><subfield code="a">Ved at læseren opbygger sit eget monster, lærer man om kroppens dele og funktioner. Quizspørgsmål og mange specielle oplysninger. Sort/hvide stregtegninger</subfield></datafield><datafield tag="517" ind1="0" ind2="0"><subfield code="a">Fra 12 år</subfield></datafield><datafield tag="652" ind1="0" ind2="0"><subfield code="m">61.1</subfield></datafield><datafield tag="666" ind1="0" ind2="0"><subfield code="f">kroppen</subfield></datafield><datafield tag="666" ind1="0" ind2="0"><subfield code="f">anatomi</subfield></datafield><datafield tag="666" ind1="0" ind2="0"><subfield code="f">mennesket</subfield></datafield><datafield tag="700" ind1="0" ind2="0"><subfield code="A">desaulles</subfield><subfield code="a">De Saulles</subfield><subfield code="h">Tony</subfield><subfield code="4">ill</subfield></datafield><datafield tag="900" ind1="0" ind2="0"><subfield code="a">Saulles</subfield><subfield code="h">Tony De</subfield><subfield code="z">700</subfield></datafield><datafield tag="996" ind1="0" ind2="0"><subfield code="a">715900</subfield></datafield></record>