
<record xsi:schemaLocation="http://www.loc.gov/standards/iso25577/marcxchange-1-1.xsd" xmlns="info:lc/xmlns/marcxchange-v1" xmlns:xsi="http://www.w3.org/2001/XMLSchema-instance"><leader>00000n    2200000   4500</leader><datafield tag="001" ind1="0" ind2="0"><subfield code="a">45705927</subfield><subfield code="b">191919</subfield><subfield code="c">20150827140816</subfield><subfield code="d">20150827</subfield><subfield code="f">a</subfield></datafield><datafield tag="002" ind1="0" ind2="0"><subfield code="b">715900</subfield><subfield code="c">90535048</subfield><subfield code="x">71590090535048</subfield></datafield><datafield tag="004" ind1="0" ind2="0"><subfield code="r">c</subfield><subfield code="a">e</subfield></datafield><datafield tag="008" ind1="0" ind2="0"><subfield code="t">m</subfield><subfield code="u">r</subfield><subfield code="a">2007</subfield><subfield code="b">gb</subfield><subfield code="l">eng</subfield><subfield code="o">b</subfield><subfield code="d">y</subfield><subfield code="v">0</subfield></datafield><datafield tag="009" ind1="0" ind2="0"><subfield code="a">a</subfield><subfield code="g">xx</subfield></datafield><datafield tag="021" ind1="0" ind2="0"><subfield code="e">9781407103020</subfield></datafield><datafield tag="100" ind1="0" ind2="0"><subfield code="a">Deary</subfield><subfield code="h">Terry</subfield><subfield code="4">aut</subfield></datafield><datafield tag="245" ind1="0" ind2="0"><subfield code="a">Frightful first world war</subfield></datafield><datafield tag="260" ind1="0" ind2="0"><subfield code="a">London</subfield><subfield code="b">Scholastic</subfield><subfield code="c">2007</subfield></datafield><datafield tag="300" ind1="0" ind2="0"><subfield code="a">140 sider</subfield><subfield code="b">ill.</subfield></datafield><datafield tag="440" ind1="0" ind2="0"><subfield code="0"></subfield><subfield code="a">Horrible histories</subfield></datafield><datafield tag="517" ind1="0" ind2="0"><subfield code="a">Fra 12 år</subfield></datafield><datafield tag="652" ind1="0" ind2="0"><subfield code="m">91.91</subfield></datafield><datafield tag="666" ind1="0" ind2="0"><subfield code="f">den ¤1. verdenskrig</subfield></datafield><datafield tag="666" ind1="0" ind2="0"><subfield code="f">historie</subfield></datafield><datafield tag="666" ind1="0" ind2="0"><subfield code="i">1910-1919</subfield></datafield><datafield tag="700" ind1="0" ind2="0"><subfield code="a">Brown</subfield><subfield code="h">Martin</subfield><subfield code="4">ill</subfield></datafield><datafield tag="996" ind1="0" ind2="0"><subfield code="a">715900</subfield></datafield></record>