
<record xsi:schemaLocation="http://www.loc.gov/standards/iso25577/marcxchange-1-1.xsd" xmlns="info:lc/xmlns/marcxchange-v1" xmlns:xsi="http://www.w3.org/2001/XMLSchema-instance"><leader>00000n    2200000   4500</leader><datafield tag="001" ind1="0" ind2="0"><subfield code="a">45705935</subfield><subfield code="b">191919</subfield><subfield code="c">20150827140817</subfield><subfield code="d">20150827</subfield><subfield code="f">a</subfield></datafield><datafield tag="002" ind1="0" ind2="0"><subfield code="b">715900</subfield><subfield code="c">90535234</subfield><subfield code="x">71590090535234</subfield></datafield><datafield tag="004" ind1="0" ind2="0"><subfield code="r">c</subfield><subfield code="a">e</subfield></datafield><datafield tag="008" ind1="0" ind2="0"><subfield code="t">m</subfield><subfield code="u">f</subfield><subfield code="a">2010</subfield><subfield code="b">us</subfield><subfield code="l">eng</subfield><subfield code="v">0</subfield></datafield><datafield tag="009" ind1="0" ind2="0"><subfield code="a">a</subfield><subfield code="g">xx</subfield></datafield><datafield tag="021" ind1="0" ind2="0"><subfield code="e">9781568584225</subfield></datafield><datafield tag="100" ind1="0" ind2="0"><subfield code="a">Hirst</subfield><subfield code="h">David</subfield><subfield code="4">aut</subfield><subfield code="4">aut</subfield><subfield code="4">aut</subfield><subfield code="4">aut</subfield></datafield><datafield tag="245" ind1="0" ind2="0"><subfield code="a">Beware of small states</subfield><subfield code="c">Lebanon, battlegrond of the Middle East</subfield></datafield><datafield tag="260" ind1="0" ind2="0"><subfield code="a">New York</subfield><subfield code="b">Nation Books</subfield><subfield code="c">2010</subfield></datafield><datafield tag="300" ind1="0" ind2="0"><subfield code="a">xiv, 480 sider</subfield><subfield code="d">kort</subfield></datafield><datafield tag="652" ind1="0" ind2="0"><subfield code="m">98.213</subfield></datafield><datafield tag="652" ind1="0" ind2="0"><subfield code="p">98.15</subfield></datafield><datafield tag="666" ind1="0" ind2="0"><subfield code="e">Libanon</subfield></datafield><datafield tag="666" ind1="0" ind2="0"><subfield code="e">Mellemøsten</subfield></datafield><datafield tag="666" ind1="0" ind2="0"><subfield code="f">historie</subfield></datafield><datafield tag="666" ind1="0" ind2="0"><subfield code="f">konflikter</subfield></datafield><datafield tag="666" ind1="0" ind2="0"><subfield code="f">politiske forhold</subfield></datafield><datafield tag="666" ind1="0" ind2="0"><subfield code="i">1800-1899</subfield></datafield><datafield tag="666" ind1="0" ind2="0"><subfield code="i">1900-1999</subfield><subfield code="i">2000-2009</subfield></datafield><datafield tag="996" ind1="0" ind2="0"><subfield code="a">715900</subfield></datafield></record>