
<marcx:record format="danMARC2" type="Bibliographic" xmlns:marcx="info:lc/xmlns/marcxchange-v1"><marcx:leader>00000n    2200000   4500</marcx:leader><marcx:datafield tag="001" ind1="0" ind2="0"><marcx:subfield code="a">22370553</marcx:subfield><marcx:subfield code="b">191919</marcx:subfield><marcx:subfield code="c">20051005011816</marcx:subfield><marcx:subfield code="d">19990212</marcx:subfield><marcx:subfield code="f">a</marcx:subfield></marcx:datafield><marcx:datafield tag="004" ind1="0" ind2="0"><marcx:subfield code="r">n</marcx:subfield><marcx:subfield code="a">e</marcx:subfield></marcx:datafield><marcx:datafield tag="008" ind1="0" ind2="0"><marcx:subfield code="t">s</marcx:subfield><marcx:subfield code="u">f</marcx:subfield><marcx:subfield code="a">1998</marcx:subfield><marcx:subfield code="b">dk</marcx:subfield><marcx:subfield code="l">dan</marcx:subfield><marcx:subfield code="v">0</marcx:subfield></marcx:datafield><marcx:datafield tag="009" ind1="0" ind2="0"><marcx:subfield code="a">s</marcx:subfield><marcx:subfield code="g">xc</marcx:subfield></marcx:datafield><marcx:datafield tag="020" ind1="0" ind2="0"><marcx:subfield code="a">dk</marcx:subfield></marcx:datafield><marcx:datafield tag="021" ind1="0" ind2="0"><marcx:subfield code="d">kr. 168,00</marcx:subfield></marcx:datafield><marcx:datafield tag="032" ind1="0" ind2="0"><marcx:subfield code="a">DMO199908</marcx:subfield><marcx:subfield code="x">SFG199908</marcx:subfield><marcx:subfield code="x">DAT200540</marcx:subfield></marcx:datafield><marcx:datafield tag="039" ind1="0" ind2="0"><marcx:subfield code="a">fol</marcx:subfield><marcx:subfield code="b">dk</marcx:subfield></marcx:datafield><marcx:datafield tag="100" ind1="0" ind2="0"><marcx:subfield code="a">Mide</marcx:subfield><marcx:subfield code="h">Marie</marcx:subfield><marcx:subfield code="c">f. 1894</marcx:subfield></marcx:datafield><marcx:datafield tag="245" ind1="0" ind2="0"><marcx:subfield code="a">Som stjernerne på himlen blå</marcx:subfield><marcx:subfield code="e">optagelser: Anelise og Thorkild Knudsen</marcx:subfield><marcx:subfield code="e">redigering, tekst: Jack Ø. Jacobsen</marcx:subfield><marcx:subfield code="e">Marie Mide, sang</marcx:subfield></marcx:datafield><marcx:datafield tag="260" ind1="0" ind2="0"><marcx:subfield code="a">Hogager</marcx:subfield><marcx:subfield code="b">Folkemusikhuscentret Hogager</marcx:subfield><marcx:subfield code="a">Århus</marcx:subfield><marcx:subfield code="b">Folkemusikhusringen</marcx:subfield><marcx:subfield code="c">[1998]</marcx:subfield></marcx:datafield><marcx:datafield tag="300" ind1="0" ind2="0"><marcx:subfield code="n">1 cd</marcx:subfield></marcx:datafield><marcx:datafield tag="512" ind1="0" ind2="0"><marcx:subfield code="a">Optaget 1961-1974</marcx:subfield></marcx:datafield><marcx:datafield tag="538" ind1="0" ind2="0"><marcx:subfield code="f">Folkemusikhuscentret Hogager</marcx:subfield><marcx:subfield code="f">Folkemusikhusringen</marcx:subfield><marcx:subfield code="g">FMH 20 CD</marcx:subfield><marcx:subfield code="g">FMHR 9801</marcx:subfield></marcx:datafield><marcx:datafield tag="652" ind1="0" ind2="0"><marcx:subfield code="m">78.76</marcx:subfield></marcx:datafield><marcx:datafield tag="666" ind1="0" ind2="0"><marcx:subfield code="0"/><marcx:subfield code="m">folkemusik</marcx:subfield><marcx:subfield code="m">folkesange</marcx:subfield><marcx:subfield code="n">vokal</marcx:subfield><marcx:subfield code="p">1960-1969</marcx:subfield><marcx:subfield code="p">1970-1979</marcx:subfield><marcx:subfield code="l">Danmark</marcx:subfield></marcx:datafield><marcx:datafield tag="700" ind1="0" ind2="0"><marcx:subfield code="a">Knudsen</marcx:subfield><marcx:subfield code="h">Thorkild</marcx:subfield><marcx:subfield code="c">f. 1925</marcx:subfield></marcx:datafield><marcx:datafield tag="700" ind1="0" ind2="0"><marcx:subfield code="a">Jacobsen</marcx:subfield><marcx:subfield code="h">Jack</marcx:subfield><marcx:subfield code="c">f. 1944</marcx:subfield></marcx:datafield><marcx:datafield tag="700" ind1="0" ind2="0"><marcx:subfield code="a">Knudsen</marcx:subfield><marcx:subfield code="h">Anelise</marcx:subfield><marcx:subfield code="c">f. 1936</marcx:subfield></marcx:datafield><marcx:datafield tag="795" ind1="0" ind2="0"><marcx:subfield code="å">11</marcx:subfield><marcx:subfield code="a">Stjernerne</marcx:subfield><marcx:subfield code="a">Der kom en herremand ridende</marcx:subfield><marcx:subfield code="a">Til Grønland for jeg som en lille bitte trold</marcx:subfield><marcx:subfield code="a">Den ¤skål skal være</marcx:subfield><marcx:subfield code="7">/</marcx:subfield><marcx:subfield code="v">Ærbødigst vi takker</marcx:subfield><marcx:subfield code="a">Svend Nordmand</marcx:subfield><marcx:subfield code="a">Så væver vi vadmel</marcx:subfield><marcx:subfield code="a">Fald på knæ min rose</marcx:subfield><marcx:subfield code="a">På Fyn der var en pige</marcx:subfield><marcx:subfield code="a">Mallebrok i leding drager</marcx:subfield><marcx:subfield code="a">Peters sørejse</marcx:subfield><marcx:subfield code="a">Bag klippen ved den nøgne strand</marcx:subfield><marcx:subfield code="a">Hør du lille jomfru fin</marcx:subfield><marcx:subfield code="a">En ¤ven foruden kærlighed</marcx:subfield><marcx:subfield code="a">Min hånd jeg dig vil give</marcx:subfield><marcx:subfield code="a">Svenskens myrderi</marcx:subfield><marcx:subfield code="a">Jomfruen i linden</marcx:subfield><marcx:subfield code="a">Bondepigen</marcx:subfield><marcx:subfield code="a">Det var en lørdag aften</marcx:subfield><marcx:subfield code="a">Fætter Mikkel</marcx:subfield><marcx:subfield code="a">En ¤pige vandrede udi en have</marcx:subfield><marcx:subfield code="a">De ¤to drengebørn</marcx:subfield><marcx:subfield code="a">Jeg går i tusind tanker</marcx:subfield><marcx:subfield code="a">Marsk Stigs døtre</marcx:subfield><marcx:subfield code="a">En ¤jæger gik at jage</marcx:subfield><marcx:subfield code="a">Tyge Hermansøn</marcx:subfield><marcx:subfield code="a">Op til kamp I arbejderhelte</marcx:subfield><marcx:subfield code="a">Ridder fælder jomfruens syv brødre</marcx:subfield><marcx:subfield code="a">Stjernerne</marcx:subfield></marcx:datafield><marcx:datafield tag="795" ind1="0" ind2="0"><marcx:subfield code="å">12</marcx:subfield><marcx:subfield code="y">0</marcx:subfield><marcx:subfield code="a">Ærbødigst vi takker</marcx:subfield></marcx:datafield><marcx:datafield tag="990" ind1="0" ind2="0"><marcx:subfield code="a">SFG</marcx:subfield><marcx:subfield code="o">199908</marcx:subfield><marcx:subfield code="c">C</marcx:subfield><marcx:subfield code="t">12.03.99</marcx:subfield></marcx:datafield><marcx:datafield tag="996" ind1="0" ind2="0"><marcx:subfield code="a">DBC</marcx:subfield></marcx:datafield></marcx:record>