
<marcx:record format="danMARC2" type="Bibliographic" xmlns:marcx="info:lc/xmlns/marcxchange-v1"><marcx:leader>00000n    2200000   4500</marcx:leader><marcx:datafield tag="001" ind1="0" ind2="0"><marcx:subfield code="a">20600454</marcx:subfield><marcx:subfield code="b">191919</marcx:subfield><marcx:subfield code="c">19940503</marcx:subfield><marcx:subfield code="d">19940502</marcx:subfield><marcx:subfield code="f">a</marcx:subfield><marcx:subfield code="o">c</marcx:subfield></marcx:datafield><marcx:datafield tag="004" ind1="0" ind2="0"><marcx:subfield code="r">n</marcx:subfield><marcx:subfield code="a">e</marcx:subfield></marcx:datafield><marcx:datafield tag="008" ind1="0" ind2="0"><marcx:subfield code="t">m</marcx:subfield><marcx:subfield code="u">u</marcx:subfield><marcx:subfield code="a">1994</marcx:subfield><marcx:subfield code="b">dk</marcx:subfield><marcx:subfield code="d">å</marcx:subfield><marcx:subfield code="e">1</marcx:subfield><marcx:subfield code="l">ger</marcx:subfield><marcx:subfield code="v">0</marcx:subfield></marcx:datafield><marcx:datafield tag="009" ind1="0" ind2="0"><marcx:subfield code="a">a</marcx:subfield><marcx:subfield code="g">xx</marcx:subfield></marcx:datafield><marcx:datafield tag="021" ind1="0" ind2="0"><marcx:subfield code="c">Hf.</marcx:subfield><marcx:subfield code="d">pris og eksp. ikke oplyst</marcx:subfield></marcx:datafield><marcx:datafield tag="032" ind1="0" ind2="0"><marcx:subfield code="a">DBF199421</marcx:subfield></marcx:datafield><marcx:datafield tag="041" ind1="0" ind2="0"><marcx:subfield code="a">ger</marcx:subfield><marcx:subfield code="c">dan</marcx:subfield></marcx:datafield><marcx:datafield tag="100" ind1="0" ind2="0"><marcx:subfield code="a">Bork-Pedersen</marcx:subfield><marcx:subfield code="h">Ebbe</marcx:subfield></marcx:datafield><marcx:datafield tag="245" ind1="0" ind2="0"><marcx:subfield code="a">Dänische Politik</marcx:subfield><marcx:subfield code="c">vom Absolutismus zur Demokratie</marcx:subfield><marcx:subfield code="f">Übersetzung: Bernd Kretschmer</marcx:subfield></marcx:datafield><marcx:datafield tag="250" ind1="0" ind2="0"><marcx:subfield code="a">[Ny udgave]</marcx:subfield><marcx:subfield code="b">Ny udgave 1994</marcx:subfield><marcx:subfield code="c">Text: Ebbe Bork-Pedersen und Victor Andersen</marcx:subfield><marcx:subfield code="d">Redaktion: Henning Rovsing Olsen</marcx:subfield></marcx:datafield><marcx:datafield tag="260" ind1="0" ind2="0"><marcx:subfield code="a">Kopenhagen</marcx:subfield><marcx:subfield code="b">Königlich Dänisches Ministerium des Äusseren</marcx:subfield><marcx:subfield code="c">1994</marcx:subfield><marcx:subfield code="k">B&amp;J, Frb.</marcx:subfield></marcx:datafield><marcx:datafield tag="300" ind1="0" ind2="0"><marcx:subfield code="a">23 sider</marcx:subfield><marcx:subfield code="b">ill. (nogle i farver)</marcx:subfield></marcx:datafield><marcx:datafield tag="512" ind1="0" ind2="0"><marcx:subfield code="a">Oversat efter dansk manuskript</marcx:subfield></marcx:datafield><marcx:datafield tag="520" ind1="0" ind2="0"><marcx:subfield code="a">Tidligere: 1. udgave / Text: Ebbe Bork-Pedersen. Kopenhagen : Königlich Dänisches Ministerium des Äusseren, Pressesekretariat, 1989</marcx:subfield></marcx:datafield><marcx:datafield tag="652" ind1="0" ind2="0"><marcx:subfield code="m">96.7</marcx:subfield></marcx:datafield><marcx:datafield tag="700" ind1="0" ind2="0"><marcx:subfield code="a">Andersen</marcx:subfield><marcx:subfield code="h">Victor</marcx:subfield><marcx:subfield code="c">f. 1925</marcx:subfield></marcx:datafield><marcx:datafield tag="710" ind1="0" ind2="0"><marcx:subfield code="c">Udenrigsministeriet</marcx:subfield></marcx:datafield><marcx:datafield tag="900" ind1="0" ind2="0"><marcx:subfield code="a">Pedersen</marcx:subfield><marcx:subfield code="h">Ebbe Bork-</marcx:subfield><marcx:subfield code="z">100</marcx:subfield></marcx:datafield><marcx:datafield tag="910" ind1="0" ind2="0"><marcx:subfield code="c">Königlich Dänisches Ministerium des Äusseren</marcx:subfield><marcx:subfield code="z">710</marcx:subfield></marcx:datafield><marcx:datafield tag="996" ind1="0" ind2="0"><marcx:subfield code="a">DBC</marcx:subfield></marcx:datafield></marcx:record>