
<record xsi:schemaLocation="http://www.loc.gov/standards/iso25577/marcxchange-1-1.xsd" xmlns="info:lc/xmlns/marcxchange-v1" xmlns:xsi="http://www.w3.org/2001/XMLSchema-instance"><leader>00000n    2200000   4500</leader><datafield tag="001" ind1="0" ind2="0"><subfield code="a">45705943</subfield><subfield code="b">191919</subfield><subfield code="c">20150827140817</subfield><subfield code="d">20150827</subfield><subfield code="f">a</subfield></datafield><datafield tag="002" ind1="0" ind2="0"><subfield code="b">715900</subfield><subfield code="c">90535285</subfield><subfield code="x">71590090535285</subfield></datafield><datafield tag="004" ind1="0" ind2="0"><subfield code="r">c</subfield><subfield code="a">e</subfield></datafield><datafield tag="008" ind1="0" ind2="0"><subfield code="t">m</subfield><subfield code="a">2009</subfield><subfield code="b">gb</subfield><subfield code="l">eng</subfield><subfield code="d">y</subfield><subfield code="v">0</subfield></datafield><datafield tag="009" ind1="0" ind2="0"><subfield code="a">a</subfield><subfield code="g">xx</subfield></datafield><datafield tag="021" ind1="0" ind2="0"><subfield code="e">9780521849449</subfield></datafield><datafield tag="245" ind1="0" ind2="0"><subfield code="a">The ¤Cambridge companion to Greek lyric</subfield></datafield><datafield tag="260" ind1="0" ind2="0"><subfield code="a">Cambridge</subfield><subfield code="b">Cambridge University Press</subfield><subfield code="c">2009</subfield></datafield><datafield tag="300" ind1="0" ind2="0"><subfield code="a">xxi, 457 s.</subfield><subfield code="b">ill.</subfield></datafield><datafield tag="440" ind1="0" ind2="0"><subfield code="0"></subfield><subfield code="a">Cambridge companions to literature</subfield></datafield><datafield tag="532" ind1="0" ind2="0"><subfield code="a">Editions, commentaries, English translations, lexica, bibliographies: side 388-395</subfield></datafield><datafield tag="652" ind1="0" ind2="0"><subfield code="m">81.11</subfield></datafield><datafield tag="666" ind1="0" ind2="0"><subfield code="f">græsk litteratur</subfield></datafield><datafield tag="666" ind1="0" ind2="0"><subfield code="f">litteratur</subfield></datafield><datafield tag="666" ind1="0" ind2="0"><subfield code="f">poesi</subfield></datafield><datafield tag="666" ind1="0" ind2="0"><subfield code="f">lyrik</subfield></datafield><datafield tag="666" ind1="0" ind2="0"><subfield code="f">oldtiden</subfield></datafield><datafield tag="666" ind1="0" ind2="0"><subfield code="e">Grækenland</subfield></datafield><datafield tag="666" ind1="0" ind2="0"><subfield code="i">699-600</subfield></datafield><datafield tag="666" ind1="0" ind2="0"><subfield code="i">599-500</subfield></datafield><datafield tag="666" ind1="0" ind2="0"><subfield code="i">499-400</subfield></datafield><datafield tag="700" ind1="0" ind2="0"><subfield code="a">Budelmann</subfield><subfield code="h">Felix</subfield><subfield code="4">edt</subfield></datafield><datafield tag="996" ind1="0" ind2="0"><subfield code="a">715900</subfield></datafield></record>