
<marcx:record format="danMARC2" type="Bibliographic" xmlns:marcx="info:lc/xmlns/marcxchange-v1"><marcx:leader>00000n    2200000   4500</marcx:leader><marcx:datafield tag="001" ind1="0" ind2="0"><marcx:subfield code="a">22369938</marcx:subfield><marcx:subfield code="b">191919</marcx:subfield><marcx:subfield code="c">20030724001552</marcx:subfield><marcx:subfield code="d">19990211</marcx:subfield><marcx:subfield code="f">a</marcx:subfield></marcx:datafield><marcx:datafield tag="004" ind1="0" ind2="0"><marcx:subfield code="r">n</marcx:subfield><marcx:subfield code="a">e</marcx:subfield></marcx:datafield><marcx:datafield tag="008" ind1="0" ind2="0"><marcx:subfield code="t">s</marcx:subfield><marcx:subfield code="u">f</marcx:subfield><marcx:subfield code="a">1999</marcx:subfield><marcx:subfield code="b">dk</marcx:subfield><marcx:subfield code="l">mul</marcx:subfield><marcx:subfield code="v">0</marcx:subfield></marcx:datafield><marcx:datafield tag="009" ind1="0" ind2="0"><marcx:subfield code="a">s</marcx:subfield><marcx:subfield code="g">xc</marcx:subfield></marcx:datafield><marcx:datafield tag="021" ind1="0" ind2="0"><marcx:subfield code="d">kr. 133,00</marcx:subfield></marcx:datafield><marcx:datafield tag="032" ind1="0" ind2="0"><marcx:subfield code="a">DMO199908</marcx:subfield><marcx:subfield code="x">SFG199908</marcx:subfield><marcx:subfield code="x">DAT200330</marcx:subfield></marcx:datafield><marcx:datafield tag="039" ind1="0" ind2="0"><marcx:subfield code="a">bef</marcx:subfield></marcx:datafield><marcx:datafield tag="041" ind1="0" ind2="0"><marcx:subfield code="p">ara</marcx:subfield><marcx:subfield code="p">eng</marcx:subfield></marcx:datafield><marcx:datafield tag="110" ind1="0" ind2="0"><marcx:subfield code="a">Arabian Underground</marcx:subfield></marcx:datafield><marcx:datafield tag="245" ind1="0" ind2="0"><marcx:subfield code="a">Arabian Underground</marcx:subfield><marcx:subfield code="j">Arabian Underground (Aida Nadeem, Line Kemner) with AnneMette Iversen, Bjørn Jøhnson, Martin Bregnehøj, Soma Alpass and Gunnar Halde</marcx:subfield><marcx:subfield code="i">Arabian Underground (Aida Nadeem, vokal, fagot ; Line Kemner, vokal, keyboards, klaver, sequenzer)</marcx:subfield><marcx:subfield code="i">AnneMette Iversen, bas</marcx:subfield><marcx:subfield code="i">Bjørn Jøhnson, trommer</marcx:subfield><marcx:subfield code="i">Martin Bregnehøj, slagtøj</marcx:subfield><marcx:subfield code="i">Soma Alpass, violoncel</marcx:subfield><marcx:subfield code="i">Gunnar Halde, trompet</marcx:subfield><marcx:subfield code="i">mix and recording done by Morten Corell</marcx:subfield><marcx:subfield code="i">produced by Morten Corell and Arabian Underground</marcx:subfield></marcx:datafield><marcx:datafield tag="260" ind1="0" ind2="0"><marcx:subfield code="a">[S.l.]</marcx:subfield><marcx:subfield code="b">Zona</marcx:subfield><marcx:subfield code="c">[1999]</marcx:subfield></marcx:datafield><marcx:datafield tag="300" ind1="0" ind2="0"><marcx:subfield code="n">1 cd</marcx:subfield></marcx:datafield><marcx:datafield tag="531" ind1="0" ind2="0"><marcx:subfield code="a">Indhold:</marcx:subfield></marcx:datafield><marcx:datafield tag="538" ind1="0" ind2="0"><marcx:subfield code="f">Zona</marcx:subfield><marcx:subfield code="g">18</marcx:subfield></marcx:datafield><marcx:datafield tag="652" ind1="0" ind2="0"><marcx:subfield code="m">78.794</marcx:subfield><marcx:subfield code="v">5</marcx:subfield></marcx:datafield><marcx:datafield tag="666" ind1="0" ind2="0"><marcx:subfield code="0"/><marcx:subfield code="m">techno</marcx:subfield><marcx:subfield code="m">world techno</marcx:subfield><marcx:subfield code="m">verdensmusik</marcx:subfield><marcx:subfield code="m">arabisk musik</marcx:subfield><marcx:subfield code="m">jazz</marcx:subfield><marcx:subfield code="n">vokal</marcx:subfield><marcx:subfield code="p">1990-1999</marcx:subfield><marcx:subfield code="l">Danmark</marcx:subfield><marcx:subfield code="l">Irak</marcx:subfield></marcx:datafield><marcx:datafield tag="700" ind1="0" ind2="0"><marcx:subfield code="a">Nadeem</marcx:subfield><marcx:subfield code="h">Aida</marcx:subfield></marcx:datafield><marcx:datafield tag="700" ind1="0" ind2="0"><marcx:subfield code="a">Kemner</marcx:subfield><marcx:subfield code="h">Line</marcx:subfield></marcx:datafield><marcx:datafield tag="700" ind1="0" ind2="0"><marcx:subfield code="a">Iversen</marcx:subfield><marcx:subfield code="h">Anne Mette</marcx:subfield></marcx:datafield><marcx:datafield tag="700" ind1="0" ind2="0"><marcx:subfield code="a">Jøhnson</marcx:subfield><marcx:subfield code="h">Bjørn</marcx:subfield></marcx:datafield><marcx:datafield tag="700" ind1="0" ind2="0"><marcx:subfield code="a">Bregnhøi</marcx:subfield><marcx:subfield code="h">Martin</marcx:subfield></marcx:datafield><marcx:datafield tag="700" ind1="0" ind2="0"><marcx:subfield code="å">1</marcx:subfield><marcx:subfield code="a">Hammarlund</marcx:subfield><marcx:subfield code="h">Soma Allpass</marcx:subfield></marcx:datafield><marcx:datafield tag="700" ind1="0" ind2="0"><marcx:subfield code="a">Halle</marcx:subfield><marcx:subfield code="h">Gunnar</marcx:subfield></marcx:datafield><marcx:datafield tag="795" ind1="0" ind2="0"><marcx:subfield code="å">11</marcx:subfield><marcx:subfield code="a">Trancefish</marcx:subfield><marcx:subfield code="i">lyric/music: Line Kemner + Aida Nadeem</marcx:subfield><marcx:subfield code="a">Dancing on the roof</marcx:subfield><marcx:subfield code="i">lyric/music: Line K + Aida N</marcx:subfield><marcx:subfield code="a">The ¤sight of you</marcx:subfield><marcx:subfield code="i">lyric/music: Line K + Aida N</marcx:subfield><marcx:subfield code="a">Najma</marcx:subfield><marcx:subfield code="i">arr.: Line K</marcx:subfield><marcx:subfield code="a">Dililå</marcx:subfield><marcx:subfield code="i">Iraqi traditional arr.: Aida N + Line K</marcx:subfield><marcx:subfield code="a">Johel</marcx:subfield><marcx:subfield code="i">Iraqi traditional arr.: Line K + Aida N</marcx:subfield><marcx:subfield code="a">Dusty day</marcx:subfield><marcx:subfield code="i">lyric/music: Aida N + Line K</marcx:subfield><marcx:subfield code="a">Sallah</marcx:subfield><marcx:subfield code="i">Turkman traditional arr.: Line K</marcx:subfield><marcx:subfield code="a">Freedomship</marcx:subfield><marcx:subfield code="i">Iraqi traditional arr.: Aida N + Line K</marcx:subfield><marcx:subfield code="a">Helle</marcx:subfield><marcx:subfield code="i">lyric/music: Line K + Aida N</marcx:subfield><marcx:subfield code="a">The ¤sight of you</marcx:subfield><marcx:subfield code="i">lyric/music: Line K + Aida N</marcx:subfield></marcx:datafield><marcx:datafield tag="900" ind1="0" ind2="0"><marcx:subfield code="a">Allpass Hammarlund</marcx:subfield><marcx:subfield code="h">Soma</marcx:subfield><marcx:subfield code="z">700/1</marcx:subfield></marcx:datafield><marcx:datafield tag="990" ind1="0" ind2="0"><marcx:subfield code="a">SFG</marcx:subfield><marcx:subfield code="o">199908</marcx:subfield><marcx:subfield code="c">C</marcx:subfield><marcx:subfield code="t">12.03.99</marcx:subfield></marcx:datafield><marcx:datafield tag="996" ind1="0" ind2="0"><marcx:subfield code="a">DBC</marcx:subfield></marcx:datafield></marcx:record>