
<record xsi:schemaLocation="http://www.loc.gov/standards/iso25577/marcxchange-1-1.xsd" xmlns="info:lc/xmlns/marcxchange-v1" xmlns:xsi="http://www.w3.org/2001/XMLSchema-instance"><leader>00000n    2200000   4500</leader><datafield tag="001" ind1="0" ind2="0"><subfield code="a">45705951</subfield><subfield code="b">191919</subfield><subfield code="c">20150827140822</subfield><subfield code="d">20150827</subfield><subfield code="f">a</subfield></datafield><datafield tag="002" ind1="0" ind2="0"><subfield code="b">715900</subfield><subfield code="c">90535366</subfield><subfield code="x">71590090535366</subfield></datafield><datafield tag="004" ind1="0" ind2="0"><subfield code="r">c</subfield><subfield code="a">e</subfield></datafield><datafield tag="008" ind1="0" ind2="0"><subfield code="t">m</subfield><subfield code="u">f</subfield><subfield code="a">2009</subfield><subfield code="b">us</subfield><subfield code="l">eng</subfield><subfield code="d">y</subfield><subfield code="v">0</subfield></datafield><datafield tag="009" ind1="0" ind2="0"><subfield code="a">a</subfield><subfield code="g">xx</subfield></datafield><datafield tag="021" ind1="0" ind2="0"><subfield code="e">9780313345388</subfield></datafield><datafield tag="100" ind1="0" ind2="0"><subfield code="a">Atkins</subfield><subfield code="h">Stephen E.</subfield><subfield code="4">aut</subfield></datafield><datafield tag="245" ind1="0" ind2="0"><subfield code="a">Holocaust denial as an international movement</subfield></datafield><datafield tag="260" ind1="0" ind2="0"><subfield code="a">Westport, Conn.</subfield><subfield code="b">Praeger</subfield><subfield code="c">2009</subfield></datafield><datafield tag="300" ind1="0" ind2="0"><subfield code="a">vi, 320 sider</subfield></datafield><datafield tag="530" ind1="0" ind2="0"><subfield code="a">Indhold: The Holocaust ; European Holocaust denial ; American Holocaust denial ; Third-world Holocaust denial</subfield></datafield><datafield tag="532" ind1="0" ind2="0"><subfield code="a">Bibliography: side 277-288</subfield></datafield><datafield tag="652" ind1="0" ind2="0"><subfield code="m">91.241</subfield></datafield><datafield tag="666" ind1="0" ind2="0"><subfield code="f">holocaust</subfield></datafield><datafield tag="666" ind1="0" ind2="0"><subfield code="f">revisionisme</subfield></datafield><datafield tag="666" ind1="0" ind2="0"><subfield code="f">historieskrivning</subfield></datafield><datafield tag="666" ind1="0" ind2="0"><subfield code="f">antisemitisme</subfield></datafield><datafield tag="666" ind1="0" ind2="0"><subfield code="f">jøder</subfield></datafield><datafield tag="666" ind1="0" ind2="0"><subfield code="f">jødeforfølgelse</subfield></datafield><datafield tag="666" ind1="0" ind2="0"><subfield code="f">forfølgelse</subfield></datafield><datafield tag="666" ind1="0" ind2="0"><subfield code="f">koncentrationslejre</subfield></datafield><datafield tag="666" ind1="0" ind2="0"><subfield code="f">historie</subfield></datafield><datafield tag="666" ind1="0" ind2="0"><subfield code="f">den ¤2. verdenskrig</subfield></datafield><datafield tag="666" ind1="0" ind2="0"><subfield code="i">1930-1939</subfield></datafield><datafield tag="666" ind1="0" ind2="0"><subfield code="i">1940-1949</subfield></datafield><datafield tag="666" ind1="0" ind2="0"><subfield code="i">1950-1959</subfield></datafield><datafield tag="666" ind1="0" ind2="0"><subfield code="i">1960-1969</subfield></datafield><datafield tag="666" ind1="0" ind2="0"><subfield code="i">1970-1979</subfield></datafield><datafield tag="666" ind1="0" ind2="0"><subfield code="i">1980-1989</subfield></datafield><datafield tag="666" ind1="0" ind2="0"><subfield code="i">1990-1999</subfield></datafield><datafield tag="666" ind1="0" ind2="0"><subfield code="i">2000-2009</subfield></datafield><datafield tag="996" ind1="0" ind2="0"><subfield code="a">715900</subfield></datafield></record>