
<record xsi:schemaLocation="http://www.loc.gov/standards/iso25577/marcxchange-1-1.xsd" xmlns="info:lc/xmlns/marcxchange-v1" xmlns:xsi="http://www.w3.org/2001/XMLSchema-instance"><leader>00000n    2200000   4500</leader><datafield tag="001" ind1="0" ind2="0"><subfield code="a">45705978</subfield><subfield code="b">191919</subfield><subfield code="c">20150827140823</subfield><subfield code="d">20150827</subfield><subfield code="f">a</subfield></datafield><datafield tag="002" ind1="0" ind2="0"><subfield code="b">715900</subfield><subfield code="c">90539213</subfield><subfield code="x">71590090539213</subfield></datafield><datafield tag="004" ind1="0" ind2="0"><subfield code="r">c</subfield><subfield code="a">e</subfield></datafield><datafield tag="008" ind1="0" ind2="0"><subfield code="t">m</subfield><subfield code="u">f</subfield><subfield code="a">2011</subfield><subfield code="b">gb</subfield><subfield code="d">y</subfield><subfield code="l">eng</subfield><subfield code="v">0</subfield></datafield><datafield tag="009" ind1="0" ind2="0"><subfield code="a">a</subfield><subfield code="g">xx</subfield></datafield><datafield tag="021" ind1="0" ind2="0"><subfield code="e">9781408813911</subfield></datafield><datafield tag="100" ind1="0" ind2="0"><subfield code="a">Burke</subfield><subfield code="h">Carolyn</subfield><subfield code="4">aut</subfield></datafield><datafield tag="245" ind1="0" ind2="0"><subfield code="a">No regrets</subfield><subfield code="c">the life of Edith Piaf</subfield></datafield><datafield tag="250" ind1="0" ind2="0"><subfield code="a">1.edition</subfield><subfield code="b">÷</subfield></datafield><datafield tag="260" ind1="0" ind2="0"><subfield code="a">London</subfield><subfield code="b">Bloomsbury</subfield><subfield code="c">2011</subfield></datafield><datafield tag="300" ind1="0" ind2="0"><subfield code="a">xvii, 282 sider, tavler</subfield></datafield><datafield tag="600" ind1="0" ind2="0"><subfield code="a">Piaf</subfield><subfield code="h">Edith</subfield></datafield><datafield tag="652" ind1="0" ind2="0"><subfield code="m">99.4</subfield><subfield code="a">Piaf</subfield><subfield code="h">Edith</subfield></datafield><datafield tag="652" ind1="0" ind2="0"><subfield code="p">78.9067</subfield><subfield code="v">2</subfield></datafield><datafield tag="666" ind1="0" ind2="0"><subfield code="f">sangerinder</subfield></datafield><datafield tag="666" ind1="0" ind2="0"><subfield code="f">visesangere</subfield></datafield><datafield tag="666" ind1="0" ind2="0"><subfield code="e">Frankrig</subfield></datafield><datafield tag="666" ind1="0" ind2="0"><subfield code="i">1900-1999</subfield></datafield><datafield tag="666" ind1="0" ind2="0"><subfield code="o">biografier</subfield></datafield><datafield tag="996" ind1="0" ind2="0"><subfield code="a">715900</subfield></datafield></record>