
<record xsi:schemaLocation="http://www.loc.gov/standards/iso25577/marcxchange-1-1.xsd" xmlns="info:lc/xmlns/marcxchange-v1" xmlns:xsi="http://www.w3.org/2001/XMLSchema-instance"><leader>00000n    2200000   4500</leader><datafield tag="001" ind1="0" ind2="0"><subfield code="a">45705986</subfield><subfield code="b">191919</subfield><subfield code="c">20150827140824</subfield><subfield code="d">20150827</subfield><subfield code="f">a</subfield></datafield><datafield tag="002" ind1="0" ind2="0"><subfield code="b">715900</subfield><subfield code="c">90541005</subfield><subfield code="x">71590090541005</subfield></datafield><datafield tag="004" ind1="0" ind2="0"><subfield code="r">c</subfield><subfield code="a">e</subfield></datafield><datafield tag="008" ind1="0" ind2="0"><subfield code="t">m</subfield><subfield code="u">c</subfield><subfield code="a">2010</subfield><subfield code="b">de</subfield><subfield code="l">ger</subfield><subfield code="d">y</subfield><subfield code="v">0</subfield></datafield><datafield tag="009" ind1="0" ind2="0"><subfield code="a">a</subfield><subfield code="g">xx</subfield></datafield><datafield tag="245" ind1="0" ind2="0"><subfield code="a">Michel CEPT-Katalog 2010/11</subfield><subfield code="c">Europa-Gemeinschaftsausgaben (Europa-Union) mit Vorläufer- und Europa-Ausgaben (früher Sympathe-/Mitläuferausgaben genannt)</subfield><subfield code="c">Dienstmarken für den Europarat NATO-Ausgaben, EFTA-Ausgaben, Skandinavien-Gemeinschaftsausgaben, KSZE-Ausgaben, Ausgaben 50 Jahre Europamarken</subfield></datafield><datafield tag="260" ind1="0" ind2="0"><subfield code="a">München</subfield><subfield code="b">Schwaneberger</subfield><subfield code="c">2010</subfield></datafield><datafield tag="300" ind1="0" ind2="0"><subfield code="a">521 sider</subfield><subfield code="b">Ill. i farver</subfield></datafield><datafield tag="526" ind1="0" ind2="0"><subfield code="i">Delvis fortsættelse af</subfield><subfield code="t">Michel CEPT/UNO-Katalog</subfield></datafield><datafield tag="652" ind1="0" ind2="0"><subfield code="m">65.891</subfield></datafield><datafield tag="996" ind1="0" ind2="0"><subfield code="a">715900</subfield></datafield></record>