
<marcx:record format="danMARC2" type="Bibliographic" xmlns:marcx="info:lc/xmlns/marcxchange-v1"><marcx:leader>00000n    2200000   4500</marcx:leader><marcx:datafield tag="001" ind1="0" ind2="0"><marcx:subfield code="a">22369946</marcx:subfield><marcx:subfield code="b">191919</marcx:subfield><marcx:subfield code="c">19990228231126</marcx:subfield><marcx:subfield code="d">19990211</marcx:subfield><marcx:subfield code="f">a</marcx:subfield></marcx:datafield><marcx:datafield tag="004" ind1="0" ind2="0"><marcx:subfield code="r">n</marcx:subfield><marcx:subfield code="a">e</marcx:subfield></marcx:datafield><marcx:datafield tag="005" ind1="0" ind2="0"><marcx:subfield code="h">e</marcx:subfield></marcx:datafield><marcx:datafield tag="008" ind1="0" ind2="0"><marcx:subfield code="t">s</marcx:subfield><marcx:subfield code="u">f</marcx:subfield><marcx:subfield code="a">1998</marcx:subfield><marcx:subfield code="b">us</marcx:subfield><marcx:subfield code="l">eng</marcx:subfield><marcx:subfield code="v">0</marcx:subfield></marcx:datafield><marcx:datafield tag="009" ind1="0" ind2="0"><marcx:subfield code="a">s</marcx:subfield><marcx:subfield code="g">xc</marcx:subfield><marcx:subfield code="b">a</marcx:subfield><marcx:subfield code="h">xx</marcx:subfield></marcx:datafield><marcx:datafield tag="021" ind1="0" ind2="0"><marcx:subfield code="d">kr. 133,00</marcx:subfield></marcx:datafield><marcx:datafield tag="032" ind1="0" ind2="0"><marcx:subfield code="x">SFG199908</marcx:subfield></marcx:datafield><marcx:datafield tag="039" ind1="0" ind2="0"><marcx:subfield code="a">bef</marcx:subfield></marcx:datafield><marcx:datafield tag="100" ind1="0" ind2="0"><marcx:subfield code="a">Gaye</marcx:subfield><marcx:subfield code="h">Marvin</marcx:subfield></marcx:datafield><marcx:datafield tag="245" ind1="0" ind2="0"><marcx:subfield code="a">Midnight love &amp; the Sexual healing sessions</marcx:subfield><marcx:subfield code="e">Marvin Gaye with Gordon Banks, Bobby Stern, David Stout, The L.A. Horn Section ... [et al.]</marcx:subfield></marcx:datafield><marcx:datafield tag="260" ind1="0" ind2="0"><marcx:subfield code="a">[S.l.]</marcx:subfield><marcx:subfield code="b">Columbia</marcx:subfield><marcx:subfield code="b">Legacy</marcx:subfield><marcx:subfield code="c">p 1998</marcx:subfield></marcx:datafield><marcx:datafield tag="300" ind1="0" ind2="0"><marcx:subfield code="n">2 cd'er</marcx:subfield><marcx:subfield code="D">1 hæfte</marcx:subfield><marcx:subfield code="d">1 tekst- og kommentarhæfte</marcx:subfield></marcx:datafield><marcx:datafield tag="440" ind1="0" ind2="0"><marcx:subfield code="0"/><marcx:subfield code="a">Legacy's rhythm &amp; soul series</marcx:subfield></marcx:datafield><marcx:datafield tag="512" ind1="0" ind2="0"><marcx:subfield code="a">Indspillet 1982</marcx:subfield></marcx:datafield><marcx:datafield tag="512" ind1="0" ind2="0"><marcx:subfield code="a">Tekster på omslag</marcx:subfield></marcx:datafield><marcx:datafield tag="512" ind1="0" ind2="0"><marcx:subfield code="a">På påklæbet etiket: Contains digital remaster of the original "Midnight love" album - features a second CD of previously unreleased alternate takes</marcx:subfield></marcx:datafield><marcx:datafield tag="531" ind1="0" ind2="0"><marcx:subfield code="a">Indhold:</marcx:subfield></marcx:datafield><marcx:datafield tag="538" ind1="0" ind2="0"><marcx:subfield code="f">Columbia</marcx:subfield><marcx:subfield code="f">Legacy</marcx:subfield><marcx:subfield code="g">4915722</marcx:subfield></marcx:datafield><marcx:datafield tag="652" ind1="0" ind2="0"><marcx:subfield code="m">78.794</marcx:subfield><marcx:subfield code="v">4</marcx:subfield></marcx:datafield><marcx:datafield tag="666" ind1="0" ind2="0"><marcx:subfield code="0"/><marcx:subfield code="m">soul</marcx:subfield><marcx:subfield code="n">vokal</marcx:subfield><marcx:subfield code="p">1980-1989</marcx:subfield><marcx:subfield code="l">USA</marcx:subfield></marcx:datafield><marcx:datafield tag="700" ind1="0" ind2="0"><marcx:subfield code="a">Banks</marcx:subfield><marcx:subfield code="h">Gordon</marcx:subfield></marcx:datafield><marcx:datafield tag="700" ind1="0" ind2="0"><marcx:subfield code="a">Stern</marcx:subfield><marcx:subfield code="h">Bobby</marcx:subfield></marcx:datafield><marcx:datafield tag="700" ind1="0" ind2="0"><marcx:subfield code="a">Stout</marcx:subfield><marcx:subfield code="h">David</marcx:subfield></marcx:datafield><marcx:datafield tag="710" ind1="0" ind2="0"><marcx:subfield code="a">The ¤L.A. Horn Section</marcx:subfield></marcx:datafield><marcx:datafield tag="745" ind1="0" ind2="0"><marcx:subfield code="a">Midnight love</marcx:subfield></marcx:datafield><marcx:datafield tag="745" ind1="0" ind2="0"><marcx:subfield code="a">The ¤Sexual healing sessions</marcx:subfield></marcx:datafield><marcx:datafield tag="795" ind1="0" ind2="0"><marcx:subfield code="å">11</marcx:subfield><marcx:subfield code="a">Midnight lady</marcx:subfield><marcx:subfield code="a">Sexual healing</marcx:subfield><marcx:subfield code="a">Rockin' after midnight</marcx:subfield><marcx:subfield code="a">'Til tomorrow</marcx:subfield><marcx:subfield code="a">Turn on some music</marcx:subfield><marcx:subfield code="a">Third world girl</marcx:subfield><marcx:subfield code="a">Joy</marcx:subfield><marcx:subfield code="a">My love is waiting</marcx:subfield><marcx:subfield code="a">Clique games</marcx:subfield><marcx:subfield code="7">/</marcx:subfield><marcx:subfield code="a">Rick James (original version of "Midnight lady")</marcx:subfield><marcx:subfield code="a">Sexual healing (alternate 12-inch instrumental)</marcx:subfield><marcx:subfield code="a">Sexual healing (original vocal version)</marcx:subfield><marcx:subfield code="a">Sexual healing (alternate vocal/mix)</marcx:subfield><marcx:subfield code="a">I bet you wonder (original version of "Rockin' after midnight")</marcx:subfield><marcx:subfield code="a">Rockin' after midnight (instrumental)</marcx:subfield><marcx:subfield code="a">Baby, baby, baby (original vocal version of "'Til tomorrow")</marcx:subfield><marcx:subfield code="a">I've got my music (original vocal version of "Turn on some music")</marcx:subfield><marcx:subfield code="a">Turn on some music (alternate vocal/mix)</marcx:subfield><marcx:subfield code="a">Third world girl (original reggae version)</marcx:subfield><marcx:subfield code="a">Third world girl (alternate vocal/mix)</marcx:subfield><marcx:subfield code="a">My love is waiting (alternate vocal/mix)</marcx:subfield><marcx:subfield code="a">Marvin's message to the CBS Records staff</marcx:subfield><marcx:subfield code="a">Sexual healing (rehearsal tape)</marcx:subfield></marcx:datafield><marcx:datafield tag="990" ind1="0" ind2="0"><marcx:subfield code="a">SFG</marcx:subfield><marcx:subfield code="c">C</marcx:subfield><marcx:subfield code="o">199908</marcx:subfield><marcx:subfield code="t">12.03.99</marcx:subfield></marcx:datafield><marcx:datafield tag="996" ind1="0" ind2="0"><marcx:subfield code="a">DBC</marcx:subfield></marcx:datafield></marcx:record>