
<record xsi:schemaLocation="http://www.loc.gov/standards/iso25577/marcxchange-1-1.xsd" xmlns="info:lc/xmlns/marcxchange-v1" xmlns:xsi="http://www.w3.org/2001/XMLSchema-instance"><leader>00000n    2200000   4500</leader><datafield tag="001" ind1="0" ind2="0"><subfield code="a">45705994</subfield><subfield code="b">191919</subfield><subfield code="c">20150827140825</subfield><subfield code="d">20150827</subfield><subfield code="f">a</subfield></datafield><datafield tag="002" ind1="0" ind2="0"><subfield code="b">715900</subfield><subfield code="c">90541765</subfield><subfield code="x">71590090541765</subfield></datafield><datafield tag="004" ind1="0" ind2="0"><subfield code="r">c</subfield><subfield code="a">e</subfield></datafield><datafield tag="008" ind1="0" ind2="0"><subfield code="t">m</subfield><subfield code="u">f</subfield><subfield code="a">2009</subfield><subfield code="b">us</subfield><subfield code="d">y</subfield><subfield code="l">eng</subfield><subfield code="v">0</subfield></datafield><datafield tag="009" ind1="0" ind2="0"><subfield code="a">a</subfield><subfield code="g">xx</subfield></datafield><datafield tag="021" ind1="0" ind2="0"><subfield code="e">9781607740988</subfield></datafield><datafield tag="100" ind1="0" ind2="0"><subfield code="a">Fearnley-Whittingstall</subfield><subfield code="h">Hugh</subfield><subfield code="4">aut</subfield></datafield><datafield tag="245" ind1="0" ind2="0"><subfield code="a">River Cottage every day</subfield></datafield><datafield tag="260" ind1="0" ind2="0"><subfield code="a">Berkeley, Calif.</subfield><subfield code="b">Ten Speed Press</subfield><subfield code="c">2009</subfield></datafield><datafield tag="300" ind1="0" ind2="0"><subfield code="a">415 sider</subfield><subfield code="b">ill. (nogle i farver)</subfield></datafield><datafield tag="652" ind1="0" ind2="0"><subfield code="m">64.1</subfield></datafield><datafield tag="666" ind1="0" ind2="0"><subfield code="o">kogebøger</subfield></datafield><datafield tag="666" ind1="0" ind2="0"><subfield code="o">opskrifter</subfield></datafield><datafield tag="720" ind1="0" ind2="0"><subfield code="o">Simon Wheeler</subfield><subfield code="4">pht</subfield></datafield><datafield tag="720" ind1="0" ind2="0"><subfield code="o">Mariko Jesse</subfield><subfield code="4">ill</subfield></datafield><datafield tag="900" ind1="0" ind2="0"><subfield code="a">Whittingstall</subfield><subfield code="h">Hugh Fearnley-</subfield><subfield code="z">100</subfield></datafield><datafield tag="996" ind1="0" ind2="0"><subfield code="a">715900</subfield></datafield></record>