
<marcx:record format="danMARC2" type="Bibliographic" xmlns:marcx="info:lc/xmlns/marcxchange-v1"><marcx:leader>00000n    2200000   4500</marcx:leader><marcx:datafield tag="001" ind1="0" ind2="0"><marcx:subfield code="a">20600438</marcx:subfield><marcx:subfield code="b">191919</marcx:subfield><marcx:subfield code="c">20051102004707</marcx:subfield><marcx:subfield code="d">19940502</marcx:subfield><marcx:subfield code="f">a</marcx:subfield></marcx:datafield><marcx:datafield tag="004" ind1="0" ind2="0"><marcx:subfield code="r">n</marcx:subfield><marcx:subfield code="a">e</marcx:subfield></marcx:datafield><marcx:datafield tag="008" ind1="0" ind2="0"><marcx:subfield code="t">m</marcx:subfield><marcx:subfield code="u">f</marcx:subfield><marcx:subfield code="a">1994</marcx:subfield><marcx:subfield code="b">dk</marcx:subfield><marcx:subfield code="l">dan</marcx:subfield><marcx:subfield code="v">0</marcx:subfield></marcx:datafield><marcx:datafield tag="009" ind1="0" ind2="0"><marcx:subfield code="a">a</marcx:subfield><marcx:subfield code="g">xx</marcx:subfield></marcx:datafield><marcx:datafield tag="021" ind1="0" ind2="0"><marcx:subfield code="a">87-7289-278-1</marcx:subfield><marcx:subfield code="c">hf.</marcx:subfield><marcx:subfield code="d">kr. 275,00</marcx:subfield></marcx:datafield><marcx:datafield tag="032" ind1="0" ind2="0"><marcx:subfield code="a">DBF199423</marcx:subfield><marcx:subfield code="x">SFD199423</marcx:subfield><marcx:subfield code="x">DAT200544</marcx:subfield></marcx:datafield><marcx:datafield tag="041" ind1="0" ind2="0"><marcx:subfield code="a">dan</marcx:subfield><marcx:subfield code="a">lat</marcx:subfield><marcx:subfield code="d">eng</marcx:subfield></marcx:datafield><marcx:datafield tag="100" ind1="0" ind2="0"><marcx:subfield code="a">Zeeberg</marcx:subfield><marcx:subfield code="h">Peter</marcx:subfield></marcx:datafield><marcx:datafield tag="245" ind1="0" ind2="0"><marcx:subfield code="a">Tycho Brahes "Urania Titani"</marcx:subfield><marcx:subfield code="c">et digt om Sophie Brahe</marcx:subfield><marcx:subfield code="e">Peter Zeeberg</marcx:subfield></marcx:datafield><marcx:datafield tag="260" ind1="0" ind2="0"><marcx:subfield code="&amp;">1</marcx:subfield><marcx:subfield code="a">Kbh.</marcx:subfield><marcx:subfield code="b">Museum Tusculanum</marcx:subfield><marcx:subfield code="c">1994</marcx:subfield><marcx:subfield code="k">Special-Trykkeriet Viborg</marcx:subfield></marcx:datafield><marcx:datafield tag="300" ind1="0" ind2="0"><marcx:subfield code="a">327 sider, tavle i farver</marcx:subfield><marcx:subfield code="b">ill.</marcx:subfield></marcx:datafield><marcx:datafield tag="440" ind1="0" ind2="0"><marcx:subfield code="0"/><marcx:subfield code="a">Renæssancestudier</marcx:subfield><marcx:subfield code="z">0902-9907</marcx:subfield><marcx:subfield code="v">7</marcx:subfield></marcx:datafield><marcx:datafield tag="504" ind1="0" ind2="0"><marcx:subfield code="&amp;">1</marcx:subfield><marcx:subfield code="a">Om forholdet mellen de to søskende Sophie Brahe (1556/59-1643) og Tyge Brahe (1546-1601) med komplet dansk oversættelse af hans digt om søsteren "Urania Titani" samt tilhørende kommentarer</marcx:subfield></marcx:datafield><marcx:datafield tag="512" ind1="0" ind2="0"><marcx:subfield code="a">Serien udgivet af Københavns Universitet, Forum for Renæssancestudier</marcx:subfield></marcx:datafield><marcx:datafield tag="532" ind1="0" ind2="0"><marcx:subfield code="&amp;">1</marcx:subfield><marcx:subfield code="a">Litteraturliste: side 297-303</marcx:subfield></marcx:datafield><marcx:datafield tag="534" ind1="0" ind2="0"><marcx:subfield code="a">Side 136-169: Urania Titani (latinsk og parallel dansk tekst)</marcx:subfield></marcx:datafield><marcx:datafield tag="534" ind1="0" ind2="0"><marcx:subfield code="a">English Summary: side 305-309</marcx:subfield></marcx:datafield><marcx:datafield tag="600" ind1="0" ind2="0"><marcx:subfield code="a">Brahe</marcx:subfield><marcx:subfield code="h">Tyge</marcx:subfield></marcx:datafield><marcx:datafield tag="600" ind1="0" ind2="0"><marcx:subfield code="a">Brahe</marcx:subfield><marcx:subfield code="h">Sophie</marcx:subfield></marcx:datafield><marcx:datafield tag="631" ind1="0" ind2="0"><marcx:subfield code="f">astrologi</marcx:subfield></marcx:datafield><marcx:datafield tag="631" ind1="0" ind2="0"><marcx:subfield code="f">alkymi</marcx:subfield></marcx:datafield><marcx:datafield tag="652" ind1="0" ind2="0"><marcx:subfield code="å">1</marcx:subfield><marcx:subfield code="n">99.4</marcx:subfield><marcx:subfield code="a">Brahe</marcx:subfield><marcx:subfield code="h">Tyge</marcx:subfield></marcx:datafield><marcx:datafield tag="652" ind1="0" ind2="0"><marcx:subfield code="o">99.4</marcx:subfield><marcx:subfield code="a">Brahe</marcx:subfield><marcx:subfield code="h">Tyge</marcx:subfield><marcx:subfield code="t">Urania Titani</marcx:subfield></marcx:datafield><marcx:datafield tag="652" ind1="0" ind2="0"><marcx:subfield code="å">2</marcx:subfield><marcx:subfield code="q">81.62</marcx:subfield><marcx:subfield code="z">99</marcx:subfield><marcx:subfield code="a">Brahe</marcx:subfield><marcx:subfield code="h">Tyge</marcx:subfield></marcx:datafield><marcx:datafield tag="652" ind1="0" ind2="0"><marcx:subfield code="r">81.62</marcx:subfield></marcx:datafield><marcx:datafield tag="652" ind1="0" ind2="0"><marcx:subfield code="p">99.4</marcx:subfield><marcx:subfield code="a">Brahe</marcx:subfield><marcx:subfield code="h">Sophie</marcx:subfield></marcx:datafield><marcx:datafield tag="666" ind1="0" ind2="0"><marcx:subfield code="0"/><marcx:subfield code="f">dansk litteratur</marcx:subfield></marcx:datafield><marcx:datafield tag="666" ind1="0" ind2="0"><marcx:subfield code="0"/><marcx:subfield code="f">latinsk litteratur</marcx:subfield></marcx:datafield><marcx:datafield tag="666" ind1="0" ind2="0"><marcx:subfield code="0"/><marcx:subfield code="f">litteratur</marcx:subfield></marcx:datafield><marcx:datafield tag="666" ind1="0" ind2="0"><marcx:subfield code="0"/><marcx:subfield code="i">1580-1589</marcx:subfield></marcx:datafield><marcx:datafield tag="666" ind1="0" ind2="0"><marcx:subfield code="0"/><marcx:subfield code="i">1590-1599</marcx:subfield></marcx:datafield><marcx:datafield tag="666" ind1="0" ind2="0"><marcx:subfield code="0"/><marcx:subfield code="o">biografier</marcx:subfield></marcx:datafield><marcx:datafield tag="666" ind1="0" ind2="0"><marcx:subfield code="0"/><marcx:subfield code="t">Urania Titani</marcx:subfield></marcx:datafield><marcx:datafield tag="700" ind1="0" ind2="0"><marcx:subfield code="a">Brahe</marcx:subfield><marcx:subfield code="h">Tyge</marcx:subfield></marcx:datafield><marcx:datafield tag="710" ind1="0" ind2="0"><marcx:subfield code="å">9</marcx:subfield><marcx:subfield code="a">Københavns Universitet</marcx:subfield><marcx:subfield code="c">Forum for Renæssancestudier</marcx:subfield></marcx:datafield><marcx:datafield tag="745" ind1="0" ind2="0"><marcx:subfield code="a">Urania Titani</marcx:subfield></marcx:datafield><marcx:datafield tag="900" ind1="0" ind2="0"><marcx:subfield code="a">Brahe</marcx:subfield><marcx:subfield code="h">Tycho</marcx:subfield><marcx:subfield code="z">652/1(a,h)</marcx:subfield></marcx:datafield><marcx:datafield tag="900" ind1="0" ind2="0"><marcx:subfield code="a">Brahe</marcx:subfield><marcx:subfield code="h">Tycho</marcx:subfield><marcx:subfield code="z">652/2(a,h)</marcx:subfield></marcx:datafield><marcx:datafield tag="910" ind1="0" ind2="0"><marcx:subfield code="a">Forum for Renæssancestudier, Københavns Universitet</marcx:subfield><marcx:subfield code="z">710/9(a,c)</marcx:subfield></marcx:datafield><marcx:datafield tag="945" ind1="0" ind2="0"><marcx:subfield code="a">Renæssance studier</marcx:subfield><marcx:subfield code="z">440(a,ø)</marcx:subfield></marcx:datafield><marcx:datafield tag="945" ind1="0" ind2="0"><marcx:subfield code="a">Skriftserien Renæssancestudier</marcx:subfield><marcx:subfield code="z">440(a,ø)</marcx:subfield></marcx:datafield><marcx:datafield tag="996" ind1="0" ind2="0"><marcx:subfield code="a">DBC</marcx:subfield></marcx:datafield></marcx:record>