
<marcx:record format="danMARC2" type="Bibliographic" xmlns:marcx="info:lc/xmlns/marcxchange-v1"><marcx:leader>00000n    2200000   4500</marcx:leader><marcx:datafield tag="001" ind1="0" ind2="0"><marcx:subfield code="a">20694556</marcx:subfield><marcx:subfield code="b">191919</marcx:subfield><marcx:subfield code="c">19940927</marcx:subfield><marcx:subfield code="d">19940830</marcx:subfield><marcx:subfield code="f">a</marcx:subfield><marcx:subfield code="o">c</marcx:subfield></marcx:datafield><marcx:datafield tag="004" ind1="0" ind2="0"><marcx:subfield code="r">n</marcx:subfield><marcx:subfield code="a">e</marcx:subfield></marcx:datafield><marcx:datafield tag="005" ind1="0" ind2="0"><marcx:subfield code="r">a</marcx:subfield></marcx:datafield><marcx:datafield tag="008" ind1="0" ind2="0"><marcx:subfield code="t">s</marcx:subfield><marcx:subfield code="v">0</marcx:subfield></marcx:datafield><marcx:datafield tag="009" ind1="0" ind2="0"><marcx:subfield code="a">s</marcx:subfield><marcx:subfield code="g">xc</marcx:subfield></marcx:datafield><marcx:datafield tag="021" ind1="0" ind2="0"><marcx:subfield code="d">kr. 155.00</marcx:subfield></marcx:datafield><marcx:datafield tag="032" ind1="0" ind2="0"><marcx:subfield code="x">SFG199437</marcx:subfield></marcx:datafield><marcx:datafield tag="039" ind1="0" ind2="0"><marcx:subfield code="a">ork</marcx:subfield></marcx:datafield><marcx:datafield tag="100" ind1="0" ind2="0"><marcx:subfield code="a">Mozart</marcx:subfield><marcx:subfield code="h">Wolfgang Amadeus</marcx:subfield></marcx:datafield><marcx:datafield tag="245" ind1="0" ind2="0"><marcx:subfield code="a">Koncerter for horn og orkester</marcx:subfield><marcx:subfield code="e">Dennis \Brain\, horn</marcx:subfield><marcx:subfield code="e">Philharmonia-Orkestret, London</marcx:subfield><marcx:subfield code="e">dirigent: Herbert von Karajan</marcx:subfield><marcx:subfield code="ø">Brain</marcx:subfield></marcx:datafield><marcx:datafield tag="260" ind1="0" ind2="0"><marcx:subfield code="b">EMI Classics</marcx:subfield></marcx:datafield><marcx:datafield tag="300" ind1="0" ind2="0"><marcx:subfield code="n">1 cd</marcx:subfield><marcx:subfield code="b">Mono</marcx:subfield></marcx:datafield><marcx:datafield tag="512" ind1="0" ind2="0"><marcx:subfield code="a">Indspillet i London 1953 og 1954 (Kvintet, Köchel 452)</marcx:subfield></marcx:datafield><marcx:datafield tag="531" ind1="0" ind2="0"><marcx:subfield code="a">Indhold:</marcx:subfield></marcx:datafield><marcx:datafield tag="538" ind1="0" ind2="0"><marcx:subfield code="f">EMI Classics</marcx:subfield><marcx:subfield code="g">555087-2</marcx:subfield></marcx:datafield><marcx:datafield tag="652" ind1="0" ind2="0"><marcx:subfield code="m">78.412</marcx:subfield><marcx:subfield code="v">72</marcx:subfield></marcx:datafield><marcx:datafield tag="652" ind1="0" ind2="0"><marcx:subfield code="å">11</marcx:subfield><marcx:subfield code="i">78.412</marcx:subfield><marcx:subfield code="v">72</marcx:subfield><marcx:subfield code="i">78.412</marcx:subfield><marcx:subfield code="v">72</marcx:subfield><marcx:subfield code="i">78.412</marcx:subfield><marcx:subfield code="v">72</marcx:subfield><marcx:subfield code="i">78.412</marcx:subfield><marcx:subfield code="v">72</marcx:subfield><marcx:subfield code="i">78.425</marcx:subfield><marcx:subfield code="v">5</marcx:subfield></marcx:datafield><marcx:datafield tag="700" ind1="0" ind2="0"><marcx:subfield code="a">Brain</marcx:subfield><marcx:subfield code="h">Dennis</marcx:subfield></marcx:datafield><marcx:datafield tag="700" ind1="0" ind2="0"><marcx:subfield code="a">Karajan</marcx:subfield><marcx:subfield code="h">Herbert von</marcx:subfield></marcx:datafield><marcx:datafield tag="700" ind1="0" ind2="0"><marcx:subfield code="a">Horsley</marcx:subfield><marcx:subfield code="h">Colin</marcx:subfield></marcx:datafield><marcx:datafield tag="710" ind1="0" ind2="0"><marcx:subfield code="a">Dennis Brains Blæserensemble</marcx:subfield></marcx:datafield><marcx:datafield tag="710" ind1="0" ind2="0"><marcx:subfield code="a">Philharmonia-Orkestret, London</marcx:subfield></marcx:datafield><marcx:datafield tag="770" ind1="0" ind2="0"><marcx:subfield code="å">11</marcx:subfield><marcx:subfield code="a">Mozart</marcx:subfield><marcx:subfield code="h">Wolfgang Amadeus</marcx:subfield></marcx:datafield><marcx:datafield tag="795" ind1="0" ind2="0"><marcx:subfield code="å">11</marcx:subfield><marcx:subfield code="a">Koncert for horn og orkester nr. 1, D-dur, Köchel 412</marcx:subfield><marcx:subfield code="a">Koncert for horn og orkester nr. 2, Es-dur, Köchel 417</marcx:subfield><marcx:subfield code="a">Koncert for horn og orkester nr. 3, Es-dur, Köchel 447</marcx:subfield><marcx:subfield code="a">Koncert for horn og orkester nr. 4, Es-dur, Köchel 495</marcx:subfield><marcx:subfield code="a">Kvintet for klaver, obo, klarinet, horn og fagot, Es-dur, Köchel 452</marcx:subfield><marcx:subfield code="e">Colin Horsley, klaver</marcx:subfield><marcx:subfield code="e">Dennis Brains Blæserensemble</marcx:subfield></marcx:datafield><marcx:datafield tag="996" ind1="0" ind2="0"><marcx:subfield code="a">DBC</marcx:subfield></marcx:datafield></marcx:record>