
<record xsi:schemaLocation="http://www.loc.gov/standards/iso25577/marcxchange-1-1.xsd" xmlns="info:lc/xmlns/marcxchange-v1" xmlns:xsi="http://www.w3.org/2001/XMLSchema-instance"><leader>00000n    2200000   4500</leader><datafield tag="001" ind1="0" ind2="0"><subfield code="a">45706001</subfield><subfield code="b">191919</subfield><subfield code="c">20150827140825</subfield><subfield code="d">20150827</subfield><subfield code="f">a</subfield></datafield><datafield tag="002" ind1="0" ind2="0"><subfield code="b">715900</subfield><subfield code="c">90541773</subfield><subfield code="x">71590090541773</subfield></datafield><datafield tag="004" ind1="0" ind2="0"><subfield code="r">c</subfield><subfield code="a">e</subfield></datafield><datafield tag="008" ind1="0" ind2="0"><subfield code="t">m</subfield><subfield code="u">u</subfield><subfield code="a">2008</subfield><subfield code="b">us</subfield><subfield code="j">f</subfield><subfield code="l">eng</subfield><subfield code="d">x</subfield><subfield code="v">0</subfield></datafield><datafield tag="009" ind1="0" ind2="0"><subfield code="a">a</subfield><subfield code="g">xx</subfield></datafield><datafield tag="021" ind1="0" ind2="0"><subfield code="e">9780765354303</subfield></datafield><datafield tag="100" ind1="0" ind2="0"><subfield code="a">Goodkind</subfield><subfield code="h">Terry</subfield><subfield code="4">aut</subfield></datafield><datafield tag="245" ind1="0" ind2="0"><subfield code="a">Confessor</subfield></datafield><datafield tag="250" ind1="0" ind2="0"><subfield code="b">1st international mass edition</subfield></datafield><datafield tag="260" ind1="0" ind2="0"><subfield code="a">New York</subfield><subfield code="b">Tor</subfield><subfield code="c">2008</subfield></datafield><datafield tag="300" ind1="0" ind2="0"><subfield code="a">757 sider</subfield></datafield><datafield tag="440" ind1="0" ind2="0"><subfield code="0"></subfield><subfield code="a">The ¤sword of truth</subfield><subfield code="V">11</subfield><subfield code="v">book 11</subfield></datafield><datafield tag="440" ind1="0" ind2="0"><subfield code="0"></subfield><subfield code="a">A ¤Tor book</subfield></datafield><datafield tag="440" ind1="0" ind2="0"><subfield code="0"></subfield><subfield code="a">Tor fantasy</subfield></datafield><datafield tag="504" ind1="0" ind2="0"><subfield code="a">Fantasy-roman</subfield></datafield><datafield tag="520" ind1="0" ind2="0"><subfield code="a">Originaludgave: 2007</subfield></datafield><datafield tag="652" ind1="0" ind2="0"><subfield code="m">83.8</subfield></datafield><datafield tag="996" ind1="0" ind2="0"><subfield code="a">715900</subfield></datafield></record>