
<record xsi:schemaLocation="http://www.loc.gov/standards/iso25577/marcxchange-1-1.xsd" xmlns="info:lc/xmlns/marcxchange-v1" xmlns:xsi="http://www.w3.org/2001/XMLSchema-instance"><leader>00000n    2200000   4500</leader><datafield tag="001" ind1="0" ind2="0"><subfield code="a">45706028</subfield><subfield code="b">191919</subfield><subfield code="c">20150827140834</subfield><subfield code="d">20150827</subfield><subfield code="f">a</subfield></datafield><datafield tag="002" ind1="0" ind2="0"><subfield code="b">715900</subfield><subfield code="c">90544047</subfield><subfield code="x">71590090544047</subfield></datafield><datafield tag="004" ind1="0" ind2="0"><subfield code="r">c</subfield><subfield code="a">e</subfield></datafield><datafield tag="008" ind1="0" ind2="0"><subfield code="t">m</subfield><subfield code="u">f</subfield><subfield code="a">2010</subfield><subfield code="b">us</subfield><subfield code="j">f</subfield><subfield code="d">x</subfield><subfield code="l">eng</subfield><subfield code="v">0</subfield></datafield><datafield tag="009" ind1="0" ind2="0"><subfield code="a">r</subfield><subfield code="g">xc</subfield></datafield><datafield tag="021" ind1="0" ind2="0"><subfield code="e">9781607886198</subfield></datafield><datafield tag="100" ind1="0" ind2="0"><subfield code="a">Sparks</subfield><subfield code="h">Nicholas</subfield><subfield code="4">aut</subfield></datafield><datafield tag="245" ind1="0" ind2="0"><subfield code="a">Safe haven</subfield></datafield><datafield tag="250" ind1="0" ind2="0"><subfield code="b">Unabridged</subfield></datafield><datafield tag="260" ind1="0" ind2="0"><subfield code="a">New York</subfield><subfield code="b">Hachette Audio</subfield><subfield code="c">2010</subfield></datafield><datafield tag="300" ind1="0" ind2="0"><subfield code="a">10 cd'er</subfield><subfield code="l">11 t.</subfield></datafield><datafield tag="504" ind1="0" ind2="0"><subfield code="a">Da en mystisk ung kvinde dukker op i den lille amerikanske by Southport, begynder rygterne om hendes fortid straks at svirre. Hun bærer på en mørk hemmelighed og er fast besluttet på at undgå tættere venskaber endsige kærlighedsaffærer</subfield></datafield><datafield tag="520" ind1="0" ind2="0"><subfield code="a">Bogens originaludgave: 2010</subfield></datafield><datafield tag="652" ind1="0" ind2="0"><subfield code="m">83.8</subfield></datafield><datafield tag="666" ind1="0" ind2="0"><subfield code="s">hemmeligheder</subfield></datafield><datafield tag="666" ind1="0" ind2="0"><subfield code="s">kærlighed</subfield></datafield><datafield tag="666" ind1="0" ind2="0"><subfield code="s">fortiden</subfield></datafield><datafield tag="666" ind1="0" ind2="0"><subfield code="s">familien</subfield></datafield><datafield tag="700" ind1="0" ind2="0"><subfield code="a">Lowman</subfield><subfield code="h">Rebecca</subfield><subfield code="4">dkind</subfield></datafield><datafield tag="996" ind1="0" ind2="0"><subfield code="a">715900</subfield></datafield></record>