
<marcx:record format="danMARC2" type="Bibliographic" xmlns:marcx="info:lc/xmlns/marcxchange-v1"><marcx:leader>00000n    2200000   4500</marcx:leader><marcx:datafield tag="001" ind1="0" ind2="0"><marcx:subfield code="a">20525649</marcx:subfield><marcx:subfield code="b">191919</marcx:subfield><marcx:subfield code="c">19940225</marcx:subfield><marcx:subfield code="d">19940118</marcx:subfield><marcx:subfield code="f">a</marcx:subfield><marcx:subfield code="o">c</marcx:subfield></marcx:datafield><marcx:datafield tag="004" ind1="0" ind2="0"><marcx:subfield code="r">n</marcx:subfield><marcx:subfield code="a">e</marcx:subfield></marcx:datafield><marcx:datafield tag="005" ind1="0" ind2="0"><marcx:subfield code="z">p</marcx:subfield></marcx:datafield><marcx:datafield tag="008" ind1="0" ind2="0"><marcx:subfield code="t">m</marcx:subfield><marcx:subfield code="u">f</marcx:subfield><marcx:subfield code="a">1993</marcx:subfield><marcx:subfield code="b">dk</marcx:subfield><marcx:subfield code="j">f</marcx:subfield><marcx:subfield code="l">dan</marcx:subfield><marcx:subfield code="v">0</marcx:subfield></marcx:datafield><marcx:datafield tag="009" ind1="0" ind2="0"><marcx:subfield code="a">r</marcx:subfield><marcx:subfield code="g">xh</marcx:subfield></marcx:datafield><marcx:datafield tag="021" ind1="0" ind2="0"><marcx:subfield code="n">29.398</marcx:subfield><marcx:subfield code="d">kr. 462,50</marcx:subfield></marcx:datafield><marcx:datafield tag="032" ind1="0" ind2="0"><marcx:subfield code="a">DLF199408</marcx:subfield><marcx:subfield code="x">SFA199408</marcx:subfield></marcx:datafield><marcx:datafield tag="100" ind1="0" ind2="0"><marcx:subfield code="a">Korch</marcx:subfield><marcx:subfield code="h">Morten</marcx:subfield></marcx:datafield><marcx:datafield tag="245" ind1="0" ind2="0"><marcx:subfield code="a">Hammerprinsessen</marcx:subfield><marcx:subfield code="e">Morten Korch</marcx:subfield><marcx:subfield code="f">indlæser: Elise Munch-Petersen</marcx:subfield></marcx:datafield><marcx:datafield tag="260" ind1="0" ind2="0"><marcx:subfield code="a">[Pandrup]</marcx:subfield><marcx:subfield code="b">[Thomas Blom AV-Forlag]</marcx:subfield><marcx:subfield code="c">[1993]</marcx:subfield></marcx:datafield><marcx:datafield tag="300" ind1="0" ind2="0"><marcx:subfield code="n">3 kassettebånd</marcx:subfield><marcx:subfield code="l">3 t., 25 min.</marcx:subfield><marcx:subfield code="a">i 1 mappe</marcx:subfield></marcx:datafield><marcx:datafield tag="440" ind1="0" ind2="0"><marcx:subfield code="a">Thomas Blom lydbog</marcx:subfield></marcx:datafield><marcx:datafield tag="504" ind1="0" ind2="0"><marcx:subfield code="&amp;">1</marcx:subfield><marcx:subfield code="a">En ung ingeniør bliver kompagnon på et forsømt hammerværk. Han redder virksomheden og forelsker sig i sin kompagnons datter, men en sag om en gammel opfindelse truer med at skille dem</marcx:subfield></marcx:datafield><marcx:datafield tag="520" ind1="0" ind2="0"><marcx:subfield code="a">Gengivelse af bogen</marcx:subfield></marcx:datafield><marcx:datafield tag="520" ind1="0" ind2="0"><marcx:subfield code="a">Indlæst efter udgaven: Kbh. : Hus og Hjem, 1939</marcx:subfield></marcx:datafield><marcx:datafield tag="652" ind1="0" ind2="0"><marcx:subfield code="n">86</marcx:subfield><marcx:subfield code="z">06</marcx:subfield></marcx:datafield><marcx:datafield tag="652" ind1="0" ind2="0"><marcx:subfield code="o">sk</marcx:subfield></marcx:datafield><marcx:datafield tag="666" ind1="0" ind2="0"><marcx:subfield code="0"/><marcx:subfield code="s">Danmark</marcx:subfield></marcx:datafield><marcx:datafield tag="666" ind1="0" ind2="0"><marcx:subfield code="0"/><marcx:subfield code="s">1930-1939</marcx:subfield></marcx:datafield><marcx:datafield tag="666" ind1="0" ind2="0"><marcx:subfield code="0"/><marcx:subfield code="s">kærlighed</marcx:subfield></marcx:datafield><marcx:datafield tag="700" ind1="0" ind2="0"><marcx:subfield code="a">Munch-Petersen</marcx:subfield><marcx:subfield code="h">Elise</marcx:subfield></marcx:datafield><marcx:datafield tag="900" ind1="0" ind2="0"><marcx:subfield code="a">Petersen</marcx:subfield><marcx:subfield code="h">Elise Munch-</marcx:subfield><marcx:subfield code="z">700</marcx:subfield></marcx:datafield><marcx:datafield tag="996" ind1="0" ind2="0"><marcx:subfield code="a">DBC</marcx:subfield></marcx:datafield></marcx:record>