
<record xsi:schemaLocation="http://www.loc.gov/standards/iso25577/marcxchange-1-1.xsd" xmlns="info:lc/xmlns/marcxchange-v1" xmlns:xsi="http://www.w3.org/2001/XMLSchema-instance"><leader>00000n    2200000   4500</leader><datafield tag="001" ind1="0" ind2="0"><subfield code="a">45706036</subfield><subfield code="b">191919</subfield><subfield code="c">20150827140835</subfield><subfield code="d">20150827</subfield><subfield code="f">a</subfield></datafield><datafield tag="002" ind1="0" ind2="0"><subfield code="b">715900</subfield><subfield code="c">90544055</subfield><subfield code="x">71590090544055</subfield></datafield><datafield tag="004" ind1="0" ind2="0"><subfield code="r">c</subfield><subfield code="a">e</subfield></datafield><datafield tag="008" ind1="0" ind2="0"><subfield code="t">m</subfield><subfield code="u">f</subfield><subfield code="a">2011</subfield><subfield code="b">us</subfield><subfield code="d">x</subfield><subfield code="j">f</subfield><subfield code="l">eng</subfield><subfield code="v">0</subfield></datafield><datafield tag="009" ind1="0" ind2="0"><subfield code="a">r</subfield><subfield code="g">xc</subfield></datafield><datafield tag="021" ind1="0" ind2="0"><subfield code="e">9781441836076</subfield></datafield><datafield tag="100" ind1="0" ind2="0"><subfield code="a">Roberts</subfield><subfield code="h">Nora</subfield><subfield code="4">aut</subfield></datafield><datafield tag="245" ind1="0" ind2="0"><subfield code="a">Chasing fire</subfield></datafield><datafield tag="250" ind1="0" ind2="0"><subfield code="b">Unabridged</subfield></datafield><datafield tag="260" ind1="0" ind2="0"><subfield code="a">Grand Haven, Mich.</subfield><subfield code="b">Brilliance Audio</subfield><subfield code="c">2011</subfield></datafield><datafield tag="300" ind1="0" ind2="0"><subfield code="a">13 cd'er</subfield><subfield code="l">15 t., 19 min.</subfield></datafield><datafield tag="504" ind1="0" ind2="0"><subfield code="a">Montana wildfire fighter Rowan has a strict rule: never get romantically involved with anyone she works with. But the moment she meets new recruit Gull Curry that rule is severely tested. And when it becomes clear that someone blames Rowan for her jump partner's death, and is determined to get revenge, Rowan finds that she needs Gull's help and support more than ever</subfield></datafield><datafield tag="520" ind1="0" ind2="0"><subfield code="a">Bogens originaludgave: 2011</subfield></datafield><datafield tag="652" ind1="0" ind2="0"><subfield code="m">83.8</subfield></datafield><datafield tag="700" ind1="0" ind2="0"><subfield code="a">Lowman</subfield><subfield code="h">Rebecca</subfield><subfield code="4">dkind</subfield></datafield><datafield tag="996" ind1="0" ind2="0"><subfield code="a">715900</subfield></datafield></record>