
<marcx:record format="danMARC2" type="Bibliographic" xmlns:marcx="info:lc/xmlns/marcxchange-v1"><marcx:leader>00000n    2200000   4500</marcx:leader><marcx:datafield tag="001" ind1="0" ind2="0"><marcx:subfield code="a">20686537</marcx:subfield><marcx:subfield code="b">191919</marcx:subfield><marcx:subfield code="c">19940824</marcx:subfield><marcx:subfield code="d">19940818</marcx:subfield><marcx:subfield code="f">a</marcx:subfield><marcx:subfield code="o">c</marcx:subfield></marcx:datafield><marcx:datafield tag="004" ind1="0" ind2="0"><marcx:subfield code="r">n</marcx:subfield><marcx:subfield code="a">e</marcx:subfield></marcx:datafield><marcx:datafield tag="008" ind1="0" ind2="0"><marcx:subfield code="t">m</marcx:subfield><marcx:subfield code="u">f</marcx:subfield><marcx:subfield code="a">1992</marcx:subfield><marcx:subfield code="b">dk</marcx:subfield><marcx:subfield code="d">å</marcx:subfield><marcx:subfield code="e">1</marcx:subfield><marcx:subfield code="l">eng</marcx:subfield><marcx:subfield code="v">0</marcx:subfield></marcx:datafield><marcx:datafield tag="009" ind1="0" ind2="0"><marcx:subfield code="a">a</marcx:subfield><marcx:subfield code="g">xx</marcx:subfield></marcx:datafield><marcx:datafield tag="021" ind1="0" ind2="0"><marcx:subfield code="a">87-7772-049-0</marcx:subfield><marcx:subfield code="c">hf.</marcx:subfield><marcx:subfield code="d">kr. 45,00 net.</marcx:subfield></marcx:datafield><marcx:datafield tag="032" ind1="0" ind2="0"><marcx:subfield code="a">DBF199437</marcx:subfield></marcx:datafield><marcx:datafield tag="100" ind1="0" ind2="0"><marcx:subfield code="a">Hilbert</marcx:subfield><marcx:subfield code="h">Gudrun</marcx:subfield></marcx:datafield><marcx:datafield tag="245" ind1="0" ind2="0"><marcx:subfield code="a">Bulk deposition of hexachlorocyclohexane</marcx:subfield><marcx:subfield code="e">Gudrun Hilbert, Mette Erecius Poulsen</marcx:subfield></marcx:datafield><marcx:datafield tag="260" ind1="0" ind2="0"><marcx:subfield code="a">[Roskilde]</marcx:subfield><marcx:subfield code="b">Ministry of Environment, National Environmental Research Institute</marcx:subfield><marcx:subfield code="g">for sale at: National Environmental Research Institute, Department of Emissions and Air Pollution</marcx:subfield><marcx:subfield code="d">P.O. Box 358, 4000</marcx:subfield><marcx:subfield code="c">1992</marcx:subfield><marcx:subfield code="k">Grønager, KB</marcx:subfield></marcx:datafield><marcx:datafield tag="300" ind1="0" ind2="0"><marcx:subfield code="a">27 sider</marcx:subfield><marcx:subfield code="b">ill.</marcx:subfield><marcx:subfield code="c">30 cm</marcx:subfield></marcx:datafield><marcx:datafield tag="440" ind1="0" ind2="0"><marcx:subfield code="&amp;">i</marcx:subfield><marcx:subfield code="a">NERI technical report</marcx:subfield><marcx:subfield code="z">0905-815X</marcx:subfield><marcx:subfield code="v">no. 42</marcx:subfield></marcx:datafield><marcx:datafield tag="532" ind1="0" ind2="0"><marcx:subfield code="&amp;">1</marcx:subfield><marcx:subfield code="a">References: side 19-20</marcx:subfield></marcx:datafield><marcx:datafield tag="652" ind1="0" ind2="0"><marcx:subfield code="m">69.87</marcx:subfield></marcx:datafield><marcx:datafield tag="700" ind1="0" ind2="0"><marcx:subfield code="a">Erecius Poulsen</marcx:subfield><marcx:subfield code="h">Mette</marcx:subfield></marcx:datafield><marcx:datafield tag="710" ind1="0" ind2="0"><marcx:subfield code="å">9</marcx:subfield><marcx:subfield code="c">Danmarks Miljøundersøgelser</marcx:subfield></marcx:datafield><marcx:datafield tag="840" ind1="0" ind2="0"><marcx:subfield code="a">Faglig rapport fra DMU</marcx:subfield><marcx:subfield code="V">nr. 42</marcx:subfield><marcx:subfield code="v">no. 42</marcx:subfield></marcx:datafield><marcx:datafield tag="900" ind1="0" ind2="0"><marcx:subfield code="a">Poulsen</marcx:subfield><marcx:subfield code="h">Mette Erecius</marcx:subfield><marcx:subfield code="z">700</marcx:subfield></marcx:datafield><marcx:datafield tag="910" ind1="0" ind2="0"><marcx:subfield code="c">DMU</marcx:subfield><marcx:subfield code="z">710/9(c)</marcx:subfield></marcx:datafield><marcx:datafield tag="910" ind1="0" ind2="0"><marcx:subfield code="c">Miljøministeriet</marcx:subfield><marcx:subfield code="c">Danmarks Miljøundersøgelser</marcx:subfield><marcx:subfield code="z">710/9(c)</marcx:subfield></marcx:datafield><marcx:datafield tag="910" ind1="0" ind2="0"><marcx:subfield code="c">National Environmental Research Institute</marcx:subfield><marcx:subfield code="z">710/9(c)</marcx:subfield></marcx:datafield><marcx:datafield tag="910" ind1="0" ind2="0"><marcx:subfield code="c">NERI</marcx:subfield><marcx:subfield code="z">710/9(c)</marcx:subfield></marcx:datafield><marcx:datafield tag="910" ind1="0" ind2="0"><marcx:subfield code="c">Ministry of the Environment</marcx:subfield><marcx:subfield code="c">National Environmental Research Institute</marcx:subfield><marcx:subfield code="z">710/9(c)</marcx:subfield></marcx:datafield><marcx:datafield tag="945" ind1="0" ind2="0"><marcx:subfield code="a">NERI technical report</marcx:subfield><marcx:subfield code="z">840(a)</marcx:subfield></marcx:datafield><marcx:datafield tag="996" ind1="0" ind2="0"><marcx:subfield code="a">DBC</marcx:subfield></marcx:datafield></marcx:record>