
<record xsi:schemaLocation="http://www.loc.gov/standards/iso25577/marcxchange-1-1.xsd" xmlns="info:lc/xmlns/marcxchange-v1" xmlns:xsi="http://www.w3.org/2001/XMLSchema-instance"><leader>00000n    2200000   4500</leader><datafield tag="001" ind1="0" ind2="0"><subfield code="a">45706044</subfield><subfield code="b">191919</subfield><subfield code="c">20150827140840</subfield><subfield code="d">20150827</subfield><subfield code="f">a</subfield></datafield><datafield tag="002" ind1="0" ind2="0"><subfield code="b">715900</subfield><subfield code="c">90544780</subfield><subfield code="x">71590090544780</subfield></datafield><datafield tag="004" ind1="0" ind2="0"><subfield code="r">c</subfield><subfield code="a">e</subfield></datafield><datafield tag="008" ind1="0" ind2="0"><subfield code="t">m</subfield><subfield code="u">f</subfield><subfield code="a">2010</subfield><subfield code="b">us</subfield><subfield code="d">y</subfield><subfield code="l">eng</subfield><subfield code="v">0</subfield></datafield><datafield tag="009" ind1="0" ind2="0"><subfield code="a">a</subfield><subfield code="g">xx</subfield></datafield><datafield tag="021" ind1="0" ind2="0"><subfield code="e">9780297864929</subfield></datafield><datafield tag="100" ind1="0" ind2="0"><subfield code="a">Moe</subfield><subfield code="h">Dyna</subfield><subfield code="4">aut</subfield><subfield code="4">ill</subfield></datafield><datafield tag="245" ind1="0" ind2="0"><subfield code="a">Mad men</subfield><subfield code="c">the illustrated world</subfield></datafield><datafield tag="260" ind1="0" ind2="0"><subfield code="a">London</subfield><subfield code="b">Weidenfeld &amp; Nicolson</subfield><subfield code="c">2010</subfield></datafield><datafield tag="300" ind1="0" ind2="0"><subfield code="a">82 sider</subfield><subfield code="b">ill. i farver</subfield></datafield><datafield tag="504" ind1="0" ind2="0"><subfield code="a">By turns kitsch, sophisticated, and celebratory, this is an eye-popping and inventive tie-in to the hit show Mad Men, as well as a salute to the era of cocktails and Camelot. Inspired by the artistic styles that defined 1960s advertising, Dyna Moe creates a candy-coloured record of the time, exploring such topics as: The office culture, including secretary etiquette and hangover workarounds -- The cocktail craze, with Sally Draper's cocktail menu -- Pastimes and fads, such as Pete and Trudy's dancing lessons, and Bert Cooper's art -- 1960s icons from Jackie to Marilyn -- Boardroom and bedroom shenanigans -- The burgeoning suburban lifestyle -- Fabulous fashion, including hairstyle how-tos and bonus paper dolls of Joan</subfield></datafield><datafield tag="530" ind1="0" ind2="0"><subfield code="a">The office. The home. Fashon &amp; beauty. Arts &amp; leisure. Mainstream &amp; counterculture. Travel. Rainy-day activities</subfield></datafield><datafield tag="652" ind1="0" ind2="0"><subfield code="m">77.91</subfield></datafield><datafield tag="666" ind1="0" ind2="0"><subfield code="f">tv-serier</subfield></datafield><datafield tag="666" ind1="0" ind2="0"><subfield code="f">reklame</subfield></datafield><datafield tag="666" ind1="0" ind2="0"><subfield code="f">reklamebureauer</subfield></datafield><datafield tag="666" ind1="0" ind2="0"><subfield code="e">New York</subfield></datafield><datafield tag="666" ind1="0" ind2="0"><subfield code="e">USA</subfield></datafield><datafield tag="666" ind1="0" ind2="0"><subfield code="i">1960-1969</subfield></datafield><datafield tag="666" ind1="0" ind2="0"><subfield code="t">Mad men (tv-serie)</subfield></datafield><datafield tag="996" ind1="0" ind2="0"><subfield code="a">715900</subfield></datafield></record>