
<record xsi:schemaLocation="http://www.loc.gov/standards/iso25577/marcxchange-1-1.xsd" xmlns="info:lc/xmlns/marcxchange-v1" xmlns:xsi="http://www.w3.org/2001/XMLSchema-instance"><leader>00000n    2200000   4500</leader><datafield tag="001" ind1="0" ind2="0"><subfield code="a">45706052</subfield><subfield code="b">191919</subfield><subfield code="c">20150827140840</subfield><subfield code="d">20150827</subfield><subfield code="f">a</subfield></datafield><datafield tag="002" ind1="0" ind2="0"><subfield code="b">715900</subfield><subfield code="c">90557351</subfield><subfield code="x">71590090557351</subfield></datafield><datafield tag="004" ind1="0" ind2="0"><subfield code="r">c</subfield><subfield code="a">e</subfield></datafield><datafield tag="008" ind1="0" ind2="0"><subfield code="t">p</subfield><subfield code="u">c</subfield><subfield code="a">2011</subfield><subfield code="b">gb</subfield><subfield code="c">z</subfield><subfield code="h">p</subfield><subfield code="l">eng</subfield><subfield code="v">0</subfield></datafield><datafield tag="009" ind1="0" ind2="0"><subfield code="a">a</subfield><subfield code="g">xx</subfield></datafield><datafield tag="022" ind1="0" ind2="0"><subfield code="a">2046-0228</subfield></datafield><datafield tag="245" ind1="0" ind2="0"><subfield code="a">Mollie makes</subfield></datafield><datafield tag="260" ind1="0" ind2="0"><subfield code="a">Bath</subfield><subfield code="b">Future</subfield><subfield code="c">2011-</subfield></datafield><datafield tag="300" ind1="0" ind2="0"><subfield code="b">ill. i farver</subfield></datafield><datafield tag="505" ind1="0" ind2="0"><subfield code="a">Tidsskrift</subfield></datafield><datafield tag="652" ind1="0" ind2="0"><subfield code="m">64</subfield></datafield><datafield tag="996" ind1="0" ind2="0"><subfield code="a">715900</subfield></datafield></record>