
<record xsi:schemaLocation="http://www.loc.gov/standards/iso25577/marcxchange-1-1.xsd" xmlns="info:lc/xmlns/marcxchange-v1" xmlns:xsi="http://www.w3.org/2001/XMLSchema-instance"><leader>00000n    2200000   4500</leader><datafield tag="001" ind1="0" ind2="0"><subfield code="a">45706079</subfield><subfield code="b">191919</subfield><subfield code="c">20150827140842</subfield><subfield code="d">20120302</subfield><subfield code="f">a</subfield></datafield><datafield tag="002" ind1="0" ind2="0"><subfield code="b">715900</subfield><subfield code="c">90560565</subfield><subfield code="x">71590090560565</subfield></datafield><datafield tag="004" ind1="0" ind2="0"><subfield code="r">c</subfield><subfield code="a">e</subfield></datafield><datafield tag="008" ind1="0" ind2="0"><subfield code="t">p</subfield><subfield code="u">c</subfield><subfield code="a">2009</subfield><subfield code="b">gb</subfield><subfield code="c">b</subfield><subfield code="h">p</subfield><subfield code="l">eng</subfield><subfield code="v">4</subfield></datafield><datafield tag="009" ind1="0" ind2="0"><subfield code="a">a</subfield><subfield code="g">xx</subfield></datafield><datafield tag="022" ind1="0" ind2="0"><subfield code="a">2041-4714</subfield><subfield code="l">2041-4714</subfield></datafield><datafield tag="245" ind1="0" ind2="0"><subfield code="a">Vintage life</subfield></datafield><datafield tag="255" ind1="0" ind2="0"><subfield code="a">Began with Issue 2, published Apr./May 2010</subfield></datafield><datafield tag="260" ind1="0" ind2="0"><subfield code="a">Congleton</subfield><subfield code="b">Dragoon Publishing</subfield></datafield><datafield tag="652" ind1="0" ind2="0"><subfield code="m">64</subfield></datafield><datafield tag="996" ind1="0" ind2="0"><subfield code="a">715900</subfield></datafield></record>