
<marcx:record format="danMARC2" type="Bibliographic" xmlns:marcx="info:lc/xmlns/marcxchange-v1"><marcx:leader>00000n    2200000   4500</marcx:leader><marcx:datafield tag="001" ind1="0" ind2="0"><marcx:subfield code="a">22444921</marcx:subfield><marcx:subfield code="b">191919</marcx:subfield><marcx:subfield code="c">20000515001952</marcx:subfield><marcx:subfield code="d">19990511</marcx:subfield><marcx:subfield code="f">a</marcx:subfield></marcx:datafield><marcx:datafield tag="004" ind1="0" ind2="0"><marcx:subfield code="r">n</marcx:subfield><marcx:subfield code="a">e</marcx:subfield></marcx:datafield><marcx:datafield tag="008" ind1="0" ind2="0"><marcx:subfield code="t">s</marcx:subfield><marcx:subfield code="u">f</marcx:subfield><marcx:subfield code="a">1999</marcx:subfield><marcx:subfield code="b">dk</marcx:subfield><marcx:subfield code="l">eng</marcx:subfield><marcx:subfield code="v">0</marcx:subfield></marcx:datafield><marcx:datafield tag="009" ind1="0" ind2="0"><marcx:subfield code="a">s</marcx:subfield><marcx:subfield code="g">xc</marcx:subfield></marcx:datafield><marcx:datafield tag="020" ind1="0" ind2="0"><marcx:subfield code="a">dk</marcx:subfield></marcx:datafield><marcx:datafield tag="021" ind1="0" ind2="0"><marcx:subfield code="d">kr. 139,00</marcx:subfield></marcx:datafield><marcx:datafield tag="032" ind1="0" ind2="0"><marcx:subfield code="x">SFG199921</marcx:subfield><marcx:subfield code="a">DMO199921</marcx:subfield><marcx:subfield code="x">DAT200021</marcx:subfield></marcx:datafield><marcx:datafield tag="039" ind1="0" ind2="0"><marcx:subfield code="a">jaz</marcx:subfield></marcx:datafield><marcx:datafield tag="100" ind1="0" ind2="0"><marcx:subfield code="a">Webster</marcx:subfield><marcx:subfield code="h">Ben</marcx:subfield></marcx:datafield><marcx:datafield tag="245" ind1="0" ind2="0"><marcx:subfield code="a">No fool, no fun</marcx:subfield><marcx:subfield code="c">the rehearsal sessions</marcx:subfield><marcx:subfield code="j">Ben Webster with The Danish Radio Jazz Orchestra (Palle Bolvig, Allan Botschinsky, Palle Mikkelborg, Torolf Mølgꜳrd, Jesper Thilo, Niels-Henning Ørsted Pedersen, Bjarne Rostvold, Ole Kock Hansen ... [et al.])</marcx:subfield><marcx:subfield code="i">producers: Erik Moseholm &amp; Ole Matthiessen</marcx:subfield><marcx:subfield code="i">engineer: John Stryhn</marcx:subfield></marcx:datafield><marcx:datafield tag="260" ind1="0" ind2="0"><marcx:subfield code="a">[Kbh.]</marcx:subfield><marcx:subfield code="b">Storyville</marcx:subfield><marcx:subfield code="c">p 1999</marcx:subfield></marcx:datafield><marcx:datafield tag="300" ind1="0" ind2="0"><marcx:subfield code="n">1 cd</marcx:subfield></marcx:datafield><marcx:datafield tag="512" ind1="0" ind2="0"><marcx:subfield code="a">Indspillet under prøverne til en radioudsendelse fra hotelskibet St. Lawrence, København 27. oktober 1970 og indspilningssted og -tid ukendt (Faberge)</marcx:subfield></marcx:datafield><marcx:datafield tag="531" ind1="0" ind2="0"><marcx:subfield code="a">Indhold:</marcx:subfield></marcx:datafield><marcx:datafield tag="538" ind1="0" ind2="0"><marcx:subfield code="f">Storyville</marcx:subfield><marcx:subfield code="g">STCD 8304</marcx:subfield></marcx:datafield><marcx:datafield tag="652" ind1="0" ind2="0"><marcx:subfield code="m">78.793</marcx:subfield><marcx:subfield code="v">3</marcx:subfield></marcx:datafield><marcx:datafield tag="666" ind1="0" ind2="0"><marcx:subfield code="0"/><marcx:subfield code="m">jazz</marcx:subfield><marcx:subfield code="m">swing</marcx:subfield><marcx:subfield code="n">instrumental</marcx:subfield><marcx:subfield code="n">big band</marcx:subfield><marcx:subfield code="p">1970-1979</marcx:subfield><marcx:subfield code="l">Danmark</marcx:subfield><marcx:subfield code="l">USA</marcx:subfield></marcx:datafield><marcx:datafield tag="700" ind1="0" ind2="0"><marcx:subfield code="a">Molin</marcx:subfield><marcx:subfield code="h">Ole</marcx:subfield></marcx:datafield><marcx:datafield tag="700" ind1="0" ind2="0"><marcx:subfield code="a">Bolvig</marcx:subfield><marcx:subfield code="h">Palle</marcx:subfield></marcx:datafield><marcx:datafield tag="700" ind1="0" ind2="0"><marcx:subfield code="a">Windfeld</marcx:subfield><marcx:subfield code="h">Axel</marcx:subfield></marcx:datafield><marcx:datafield tag="700" ind1="0" ind2="0"><marcx:subfield code="a">Botschinsky</marcx:subfield><marcx:subfield code="h">Allan</marcx:subfield></marcx:datafield><marcx:datafield tag="700" ind1="0" ind2="0"><marcx:subfield code="a">Elsberg</marcx:subfield><marcx:subfield code="h">Vagn</marcx:subfield></marcx:datafield><marcx:datafield tag="700" ind1="0" ind2="0"><marcx:subfield code="a">Knudsen</marcx:subfield><marcx:subfield code="h">Perry</marcx:subfield></marcx:datafield><marcx:datafield tag="700" ind1="0" ind2="0"><marcx:subfield code="a">Lamberth</marcx:subfield><marcx:subfield code="h">Arne</marcx:subfield></marcx:datafield><marcx:datafield tag="700" ind1="0" ind2="0"><marcx:subfield code="a">Mikkelborg</marcx:subfield><marcx:subfield code="h">Palle</marcx:subfield></marcx:datafield><marcx:datafield tag="700" ind1="0" ind2="0"><marcx:subfield code="a">Karskov</marcx:subfield><marcx:subfield code="h">Uffe</marcx:subfield></marcx:datafield><marcx:datafield tag="700" ind1="0" ind2="0"><marcx:subfield code="a">Mølgꜳrd</marcx:subfield><marcx:subfield code="h">Torolf</marcx:subfield></marcx:datafield><marcx:datafield tag="700" ind1="0" ind2="0"><marcx:subfield code="a">Espersen</marcx:subfield><marcx:subfield code="h">Per</marcx:subfield></marcx:datafield><marcx:datafield tag="700" ind1="0" ind2="0"><marcx:subfield code="å">2</marcx:subfield><marcx:subfield code="a">Ørsted Pedersen</marcx:subfield><marcx:subfield code="h">Niels-Henning</marcx:subfield></marcx:datafield><marcx:datafield tag="700" ind1="0" ind2="0"><marcx:subfield code="å">4</marcx:subfield><marcx:subfield code="a">Kock Hansen</marcx:subfield><marcx:subfield code="h">Ole</marcx:subfield></marcx:datafield><marcx:datafield tag="700" ind1="0" ind2="0"><marcx:subfield code="a">Rostvold</marcx:subfield><marcx:subfield code="h">Bjarne</marcx:subfield></marcx:datafield><marcx:datafield tag="700" ind1="0" ind2="0"><marcx:subfield code="a">Steen</marcx:subfield><marcx:subfield code="h">Niels Jørgen</marcx:subfield></marcx:datafield><marcx:datafield tag="700" ind1="0" ind2="0"><marcx:subfield code="a">Jensen</marcx:subfield><marcx:subfield code="h">Ole Kurt</marcx:subfield><marcx:subfield code="c">f. 1937</marcx:subfield></marcx:datafield><marcx:datafield tag="700" ind1="0" ind2="0"><marcx:subfield code="å">127</marcx:subfield><marcx:subfield code="a">Hjort Hansen</marcx:subfield><marcx:subfield code="h">Helmuth</marcx:subfield></marcx:datafield><marcx:datafield tag="700" ind1="0" ind2="0"><marcx:subfield code="a">Thilo</marcx:subfield><marcx:subfield code="h">Jesper</marcx:subfield></marcx:datafield><marcx:datafield tag="700" ind1="0" ind2="0"><marcx:subfield code="a">Christensen</marcx:subfield><marcx:subfield code="h">Erling</marcx:subfield><marcx:subfield code="c">f. 1925</marcx:subfield></marcx:datafield><marcx:datafield tag="700" ind1="0" ind2="0"><marcx:subfield code="a">Nielsen</marcx:subfield><marcx:subfield code="h">Bent</marcx:subfield></marcx:datafield><marcx:datafield tag="700" ind1="0" ind2="0"><marcx:subfield code="a">Madsen</marcx:subfield><marcx:subfield code="h">Flemming</marcx:subfield><marcx:subfield code="c">f. 1939</marcx:subfield></marcx:datafield><marcx:datafield tag="700" ind1="0" ind2="0"><marcx:subfield code="a">Peters</marcx:subfield><marcx:subfield code="h">Matty</marcx:subfield></marcx:datafield><marcx:datafield tag="700" ind1="0" ind2="0"><marcx:subfield code="a">Albeck</marcx:subfield><marcx:subfield code="h">Freddy</marcx:subfield></marcx:datafield><marcx:datafield tag="710" ind1="0" ind2="0"><marcx:subfield code="a">Danmarks Radios Big Band</marcx:subfield></marcx:datafield><marcx:datafield tag="795" ind1="0" ind2="0"><marcx:subfield code="å">11</marcx:subfield><marcx:subfield code="a">Did you call her today</marcx:subfield><marcx:subfield code="c">take 1-8</marcx:subfield><marcx:subfield code="i">Ben Webster</marcx:subfield><marcx:subfield code="i">The Danish Radio Jazz Orchestra (Palle Bolvig, Allan Botschinsky, Vagn Elsberg, Perry Knudsen, Arne Lamberth, Palle Mikkelborg (trumpet) ; Per Espersen, Helmuth Hjort Hansen, Ole Kurt Jensen, Torolf Mølgꜳrd, Axel Windfeld (trombone) ; Ben Webster, Erling Christensen, Uffe Karskov, Flemming Madsen, Bent Nielsen, Jesper Thilo (sax); Ole Kock Hansen (piano) ; Ole Molin (guitar) ; Niels-Henning Ørsted Pedersen (bass) ; Bjarne Rostvold (drums))</marcx:subfield><marcx:subfield code="i">dirigent: Niels Jørgen Steen</marcx:subfield><marcx:subfield code="a">Baby it's cold outside</marcx:subfield><marcx:subfield code="c">take 1-4</marcx:subfield><marcx:subfield code="i">Frank Loesser</marcx:subfield><marcx:subfield code="i">The Danish Radio Jazz Orchestra (Palle Bolvig, Allan Botschinsky, Vagn Elsberg, Perry Knudsen, Arne Lamberth, Palle Mikkelborg (trumpet) ; Per Espersen, Helmuth Hjort Hansen, Ole Kurt Jensen, Torolf Mølgꜳrd, Axel Windfeld (trombone) ; Ben Webster, Erling Christensen, Uffe Karskov, Flemming Madsen, Bent Nielsen, Jesper Thilo (sax); Ole Kock Hansen (piano) ; Ole Molin (guitar) ; Niels-Henning Ørsted Pedersen (bass) ; Bjarne Rostvold (drums))</marcx:subfield><marcx:subfield code="i">dirigent: Niels Jørgen Steen</marcx:subfield><marcx:subfield code="a">Baby it's cold outside</marcx:subfield><marcx:subfield code="c">take 5</marcx:subfield><marcx:subfield code="i">Frank Loesser</marcx:subfield><marcx:subfield code="i">Marry Peters, vocal</marcx:subfield><marcx:subfield code="i">The Danish Radio Jazz Orchestra (Palle Bolvig, Allan Botschinsky, Vagn Elsberg, Perry Knudsen, Arne Lamberth, Palle Mikkelborg (trumpet) ; Per Espersen, Helmuth Hjort Hansen, Ole Kurt Jensen, Torolf Mølgꜳrd, Axel Windfeld (trombone) ; Ben Webster, Erling Christensen, Uffe Karskov, Flemming Madsen, Bent Nielsen, Jesper Thilo (sax); Ole Kock Hansen (piano) ; Ole Molin (guitar) ; Niels-Henning Ørsted Pedersen (bass) ; Bjarne Rostvold (drums))</marcx:subfield><marcx:subfield code="i">dirigent: Niels Jørgen Steen</marcx:subfield><marcx:subfield code="a">Cottontail</marcx:subfield><marcx:subfield code="i">Duke Ellington</marcx:subfield><marcx:subfield code="i">The Danish Radio Jazz Orchestra (Palle Bolvig, Allan Botschinsky, Vagn Elsberg, Perry Knudsen, Arne Lamberth, Palle Mikkelborg (trumpet) ; Per Espersen, Helmuth Hjort Hansen, Ole Kurt Jensen, Torolf Mølgꜳrd, Axel Windfeld (trombone) ; Ben Webster, Erling Christensen, Uffe Karskov, Flemming Madsen, Bent Nielsen, Jesper Thilo (sax); Ole Kock Hansen (piano) ; Ole Molin (guitar) ; Niels-Henning Ørsted Pedersen (bass) ; Bjarne Rostvold (drums))</marcx:subfield><marcx:subfield code="i">dirigent: Niels Jørgen Steen</marcx:subfield><marcx:subfield code="a">Old folks</marcx:subfield><marcx:subfield code="c">take 1-5</marcx:subfield><marcx:subfield code="i">The Danish Radio Jazz Orchestra (Palle Bolvig, Allan Botschinsky, Vagn Elsberg, Perry Knudsen, Arne Lamberth, Palle Mikkelborg (trumpet) ; Per Espersen, Helmuth Hjort Hansen, Ole Kurt Jensen, Torolf Mølgꜳrd, Axel Windfeld (trombone) ; Ben Webster, Erling Christensen, Uffe Karskov, Flemming Madsen, Bent Nielsen, Jesper Thilo (sax); Ole Kock Hansen (piano) ; Ole Molin (guitar) ; Niels-Henning Ørsted Pedersen (bass) ; Bjarne Rostvold (drums))</marcx:subfield><marcx:subfield code="i">dirigent: Niels Jørgen Steen</marcx:subfield><marcx:subfield code="a">Please don't talk about me when I'm gone</marcx:subfield><marcx:subfield code="i">Clare-Stept</marcx:subfield><marcx:subfield code="e">Matty Peters, Freddy Albeck, vocal</marcx:subfield><marcx:subfield code="i">The Danish Radio Jazz Orchestra (Palle Bolvig, Allan Botschinsky, Vagn Elsberg, Perry Knudsen, Arne Lamberth, Palle Mikkelborg (trumpet) ; Per Espersen, Helmuth Hjort Hansen, Ole Kurt Jensen, Torolf Mølgꜳrd, Axel Windfeld (trombone) ; Ben Webster, Erling Christensen, Uffe Karskov, Flemming Madsen, Bent Nielsen, Jesper Thilo (sax); Ole Kock Hansen (piano) ; Ole Molin (guitar) ; Niels-Henning Ørsted Pedersen (bass) ; Bjarne Rostvold (drums))</marcx:subfield><marcx:subfield code="i">dirigent: Niels Jørgen Steen</marcx:subfield><marcx:subfield code="a">The ¤song is ended</marcx:subfield><marcx:subfield code="i">Irving Berlin</marcx:subfield><marcx:subfield code="e">Matty Peters, vocal</marcx:subfield><marcx:subfield code="i">The Danish Radio Jazz Orchestra (Palle Bolvig, Allan Botschinsky, Vagn Elsberg, Perry Knudsen, Arne Lamberth, Palle Mikkelborg (trumpet) ; Per Espersen, Helmuth Hjort Hansen, Ole Kurt Jensen, Torolf Mølgꜳrd, Axel Windfeld (trombone) ; Ben Webster, Erling Christensen, Uffe Karskov, Flemming Madsen, Bent Nielsen, Jesper Thilo (sax); Ole Kock Hansen (piano) ; Ole Molin (guitar) ; Niels-Henning Ørsted Pedersen (bass) ; Bjarne Rostvold (drums))</marcx:subfield><marcx:subfield code="i">dirigent: Niels Jørgen Steen</marcx:subfield><marcx:subfield code="a">Faberge</marcx:subfield><marcx:subfield code="c">take 1-12</marcx:subfield><marcx:subfield code="i">Ben Webster</marcx:subfield><marcx:subfield code="i">Ben Webster (tenor sax)</marcx:subfield><marcx:subfield code="i">piano, bass and drums (unknown)</marcx:subfield></marcx:datafield><marcx:datafield tag="900" ind1="0" ind2="0"><marcx:subfield code="a">Pedersen</marcx:subfield><marcx:subfield code="h">Niels-Henning Ørsted</marcx:subfield><marcx:subfield code="z">700/2</marcx:subfield></marcx:datafield><marcx:datafield tag="900" ind1="0" ind2="0"><marcx:subfield code="a">Hansen</marcx:subfield><marcx:subfield code="h">Ole Kock</marcx:subfield><marcx:subfield code="z">700/4</marcx:subfield></marcx:datafield><marcx:datafield tag="900" ind1="0" ind2="0"><marcx:subfield code="a">Hansen</marcx:subfield><marcx:subfield code="h">Helmuth Hjort</marcx:subfield><marcx:subfield code="z">700/127</marcx:subfield></marcx:datafield><marcx:datafield tag="990" ind1="0" ind2="0"><marcx:subfield code="a">SFG</marcx:subfield><marcx:subfield code="c">C</marcx:subfield><marcx:subfield code="o">199921</marcx:subfield><marcx:subfield code="t">11.06.99</marcx:subfield></marcx:datafield><marcx:datafield tag="996" ind1="0" ind2="0"><marcx:subfield code="a">DBC</marcx:subfield></marcx:datafield></marcx:record>