
<marcx:record format="danMARC2" type="Bibliographic" xmlns:marcx="info:lc/xmlns/marcxchange-v1"><marcx:leader>00000n    2200000   4500</marcx:leader><marcx:datafield tag="001" ind1="0" ind2="0"><marcx:subfield code="a">20669209</marcx:subfield><marcx:subfield code="b">191919</marcx:subfield><marcx:subfield code="c">19940728</marcx:subfield><marcx:subfield code="d">19940727</marcx:subfield><marcx:subfield code="f">a</marcx:subfield><marcx:subfield code="o">c</marcx:subfield></marcx:datafield><marcx:datafield tag="004" ind1="0" ind2="0"><marcx:subfield code="r">n</marcx:subfield><marcx:subfield code="a">e</marcx:subfield></marcx:datafield><marcx:datafield tag="005" ind1="0" ind2="0"><marcx:subfield code="h">a</marcx:subfield><marcx:subfield code="h">n</marcx:subfield><marcx:subfield code="k">a</marcx:subfield><marcx:subfield code="k">b</marcx:subfield><marcx:subfield code="k">j</marcx:subfield></marcx:datafield><marcx:datafield tag="008" ind1="0" ind2="0"><marcx:subfield code="t">s</marcx:subfield><marcx:subfield code="u">f</marcx:subfield><marcx:subfield code="a">1993</marcx:subfield><marcx:subfield code="b">us</marcx:subfield><marcx:subfield code="l">eng</marcx:subfield><marcx:subfield code="v">0</marcx:subfield></marcx:datafield><marcx:datafield tag="009" ind1="0" ind2="0"><marcx:subfield code="a">c</marcx:subfield><marcx:subfield code="g">xx</marcx:subfield><marcx:subfield code="b">s</marcx:subfield><marcx:subfield code="h">xc</marcx:subfield></marcx:datafield><marcx:datafield tag="021" ind1="0" ind2="0"><marcx:subfield code="n">F 3324 GTXCD</marcx:subfield><marcx:subfield code="c">hf.</marcx:subfield><marcx:subfield code="d">kr. 220.00</marcx:subfield><marcx:subfield code="b">inkl. 1 compact disc</marcx:subfield></marcx:datafield><marcx:datafield tag="032" ind1="0" ind2="0"><marcx:subfield code="x">SFM199435</marcx:subfield></marcx:datafield><marcx:datafield tag="100" ind1="0" ind2="0"><marcx:subfield code="a">Fath</marcx:subfield><marcx:subfield code="h">Michael</marcx:subfield></marcx:datafield><marcx:datafield tag="245" ind1="0" ind2="0"><marcx:subfield code="a">Acoustic artistry</marcx:subfield><marcx:subfield code="c">concert guitar solos</marcx:subfield><marcx:subfield code="c">for guitar med becifring</marcx:subfield><marcx:subfield code="e">by Michael Fath</marcx:subfield><marcx:subfield code="f">editor: Aaron Stang</marcx:subfield><marcx:subfield code="f">... photography: ... Dennis Johnson, Phil Bussard</marcx:subfield><marcx:subfield code="f">transcribed by Sam Wright</marcx:subfield><marcx:subfield code="ø">Udgave med compact disc</marcx:subfield></marcx:datafield><marcx:datafield tag="260" ind1="0" ind2="0"><marcx:subfield code="a">Miami, Fla.</marcx:subfield><marcx:subfield code="b">CPP/Belwin</marcx:subfield><marcx:subfield code="c">[cop. 1993]</marcx:subfield></marcx:datafield><marcx:datafield tag="300" ind1="0" ind2="0"><marcx:subfield code="a">61 sider</marcx:subfield><marcx:subfield code="b">ill.</marcx:subfield><marcx:subfield code="c">31 cm</marcx:subfield><marcx:subfield code="d">1 \compact disc\</marcx:subfield></marcx:datafield><marcx:datafield tag="440" ind1="0" ind2="0"><marcx:subfield code="0"/><marcx:subfield code="a">Contemporary guitar series</marcx:subfield></marcx:datafield><marcx:datafield tag="504" ind1="0" ind2="0"><marcx:subfield code="a">Stykker for akustisk guitar med spillevejledning og øvelser til hvert stykke</marcx:subfield></marcx:datafield><marcx:datafield tag="512" ind1="0" ind2="0"><marcx:subfield code="a">Noteret i noder og tabulatur</marcx:subfield></marcx:datafield><marcx:datafield tag="512" ind1="0" ind2="0"><marcx:subfield code="a">På omslaget: Nine solo acoustic guitar pieces combining rock, classical, flamenco, blues and bluegrass influences</marcx:subfield></marcx:datafield><marcx:datafield tag="512" ind1="0" ind2="0"><marcx:subfield code="a">Compact disc: Acoustic artistry : concert guitar solos / Michael Fath, guitar. F 3324 GTXCD. Stereo. Gennemspilning af stykkerne i nodehæftet</marcx:subfield></marcx:datafield><marcx:datafield tag="531" ind1="0" ind2="0"><marcx:subfield code="a">Indhold:</marcx:subfield></marcx:datafield><marcx:datafield tag="534" ind1="0" ind2="0"><marcx:subfield code="a">Med biografi</marcx:subfield></marcx:datafield><marcx:datafield tag="652" ind1="0" ind2="0"><marcx:subfield code="m">78.457</marcx:subfield></marcx:datafield><marcx:datafield tag="652" ind1="0" ind2="0"><marcx:subfield code="p">78.45701</marcx:subfield></marcx:datafield><marcx:datafield tag="700" ind1="0" ind2="0"><marcx:subfield code="a">Stang</marcx:subfield><marcx:subfield code="h">Aaron</marcx:subfield></marcx:datafield><marcx:datafield tag="700" ind1="0" ind2="0"><marcx:subfield code="a">Wright</marcx:subfield><marcx:subfield code="h">Sam</marcx:subfield></marcx:datafield><marcx:datafield tag="770" ind1="0" ind2="0"><marcx:subfield code="å">11</marcx:subfield><marcx:subfield code="a">Fath</marcx:subfield><marcx:subfield code="h">Michael</marcx:subfield></marcx:datafield><marcx:datafield tag="795" ind1="0" ind2="0"><marcx:subfield code="å">11</marcx:subfield><marcx:subfield code="a">Song for Elizabeth</marcx:subfield><marcx:subfield code="a">Kemp's jig</marcx:subfield><marcx:subfield code="a">The ¤awakening</marcx:subfield><marcx:subfield code="a">Præludium for guitar</marcx:subfield><marcx:subfield code="a">Kris</marcx:subfield><marcx:subfield code="a">Appalachia</marcx:subfield><marcx:subfield code="a">Spanish serenade</marcx:subfield><marcx:subfield code="a">Blue Ridge sonata</marcx:subfield><marcx:subfield code="a">The ¤ballad of Colonel John</marcx:subfield></marcx:datafield><marcx:datafield tag="990" ind1="0" ind2="0"><marcx:subfield code="a">SFM</marcx:subfield><marcx:subfield code="n">62</marcx:subfield></marcx:datafield><marcx:datafield tag="996" ind1="0" ind2="0"><marcx:subfield code="a">DBC</marcx:subfield></marcx:datafield></marcx:record>