
<record xsi:schemaLocation="http://www.loc.gov/standards/iso25577/marcxchange-1-1.xsd" xmlns="info:lc/xmlns/marcxchange-v1" xmlns:xsi="http://www.w3.org/2001/XMLSchema-instance"><leader>00000n    2200000   4500</leader><datafield tag="001" ind1="0" ind2="0"><subfield code="a">45706095</subfield><subfield code="b">191919</subfield><subfield code="c">20150827140843</subfield><subfield code="d">20150827</subfield><subfield code="f">a</subfield></datafield><datafield tag="002" ind1="0" ind2="0"><subfield code="b">715900</subfield><subfield code="c">90562193</subfield><subfield code="x">71590090562193</subfield></datafield><datafield tag="004" ind1="0" ind2="0"><subfield code="r">c</subfield><subfield code="a">e</subfield></datafield><datafield tag="008" ind1="0" ind2="0"><subfield code="t">m</subfield><subfield code="a">2012</subfield><subfield code="b">us</subfield><subfield code="d">x</subfield><subfield code="l">eng</subfield><subfield code="x">j</subfield><subfield code="v">0</subfield></datafield><datafield tag="009" ind1="0" ind2="0"><subfield code="a">a</subfield><subfield code="g">xx</subfield></datafield><datafield tag="021" ind1="0" ind2="0"><subfield code="e">9781612620237</subfield></datafield><datafield tag="041" ind1="0" ind2="0"><subfield code="a">eng</subfield><subfield code="c">jpn</subfield></datafield><datafield tag="100" ind1="0" ind2="0"><subfield code="a">Yoshida</subfield><subfield code="h">Reiko</subfield><subfield code="4">aut</subfield></datafield><datafield tag="245" ind1="0" ind2="0"><subfield code="a">Tokyo mew mew omnibus</subfield><subfield code="n">volume 3</subfield></datafield><datafield tag="260" ind1="0" ind2="0"><subfield code="a">New York</subfield><subfield code="b">Kodansha Comics</subfield><subfield code="c">2012</subfield></datafield><datafield tag="300" ind1="0" ind2="0"><subfield code="a">566 sider</subfield><subfield code="b">ill.</subfield></datafield><datafield tag="504" ind1="0" ind2="0"><subfield code="a">Summary: Ichigo was an ordinary junior-high student, but one day she became a Mew Mew, one of the world's champions of justice! She's trying to save the earth from aliens with the help of her four Mew Mew companions</subfield></datafield><datafield tag="652" ind1="0" ind2="0"><subfield code="m">83.8</subfield></datafield><datafield tag="720" ind1="0" ind2="0"><subfield code="a">Mia Ikumi</subfield><subfield code="4">ill</subfield></datafield><datafield tag="720" ind1="0" ind2="0"><subfield code="a">Elina Curran</subfield><subfield code="4">trl</subfield></datafield><datafield tag="996" ind1="0" ind2="0"><subfield code="a">715900</subfield></datafield></record>