
<record xsi:schemaLocation="http://www.loc.gov/standards/iso25577/marcxchange-1-1.xsd" xmlns="info:lc/xmlns/marcxchange-v1" xmlns:xsi="http://www.w3.org/2001/XMLSchema-instance"><leader>00000n    2200000   4500</leader><datafield tag="001" ind1="0" ind2="0"><subfield code="a">45706109</subfield><subfield code="b">191919</subfield><subfield code="c">20150827140848</subfield><subfield code="d">20150827</subfield><subfield code="f">a</subfield></datafield><datafield tag="002" ind1="0" ind2="0"><subfield code="b">715900</subfield><subfield code="c">90564781</subfield><subfield code="x">71590090564781</subfield></datafield><datafield tag="004" ind1="0" ind2="0"><subfield code="r">c</subfield><subfield code="a">e</subfield></datafield><datafield tag="008" ind1="0" ind2="0"><subfield code="t">m</subfield><subfield code="u">f</subfield><subfield code="a">2012</subfield><subfield code="b">gb</subfield><subfield code="l">eng</subfield><subfield code="v">0</subfield></datafield><datafield tag="009" ind1="0" ind2="0"><subfield code="a">a</subfield><subfield code="g">xx</subfield></datafield><datafield tag="245" ind1="0" ind2="0"><subfield code="a">Sherlock</subfield><subfield code="c">a study in pink</subfield></datafield><datafield tag="260" ind1="0" ind2="0"><subfield code="a">London</subfield><subfield code="b">Scholastic</subfield><subfield code="c">2012</subfield></datafield><datafield tag="300" ind1="0" ind2="0"><subfield code="n">87 sider</subfield><subfield code="b">ill. i farver</subfield></datafield><datafield tag="440" ind1="0" ind2="0"><subfield code="0"></subfield><subfield code="a">Scholastic readers</subfield><subfield code="o">Level 4, upper-intermediate</subfield></datafield><datafield tag="512" ind1="0" ind2="0"><subfield code="a">På omslaget: Meet Sherlock Holmes - the world's most brilliant detective</subfield></datafield><datafield tag="512" ind1="0" ind2="0"><subfield code="a">Based on Arthur Conan Doyle: A study in scarlet</subfield></datafield><datafield tag="517" ind1="0" ind2="0"><subfield code="a">Med gloser og opgaver</subfield></datafield><datafield tag="652" ind1="0" ind2="0"><subfield code="m">83</subfield></datafield><datafield tag="652" ind1="0" ind2="0"><subfield code="p">89.3</subfield></datafield><datafield tag="666" ind1="0" ind2="0"><subfield code="s">krimi</subfield></datafield><datafield tag="666" ind1="0" ind2="0"><subfield code="s">detektiver</subfield></datafield><datafield tag="666" ind1="0" ind2="0"><subfield code="s">Holmes, Sherlock</subfield></datafield><datafield tag="666" ind1="0" ind2="0"><subfield code="i">2010-2019</subfield></datafield><datafield tag="666" ind1="0" ind2="0"><subfield code="q">London</subfield></datafield><datafield tag="666" ind1="0" ind2="0"><subfield code="q">England</subfield></datafield><datafield tag="700" ind1="0" ind2="0"><subfield code="å">1</subfield><subfield code="a">Doyle</subfield><subfield code="h">A. Conan</subfield><subfield code="4">ant</subfield></datafield><datafield tag="745" ind1="0" ind2="0"><subfield code="a">A ¤study in scarlet</subfield></datafield><datafield tag="900" ind1="0" ind2="0"><subfield code="a">Doyle</subfield><subfield code="h">Arthur Conan</subfield><subfield code="z">700/1</subfield></datafield><datafield tag="996" ind1="0" ind2="0"><subfield code="a">715900</subfield></datafield></record>