
<record xsi:schemaLocation="http://www.loc.gov/standards/iso25577/marcxchange-1-1.xsd" xmlns="info:lc/xmlns/marcxchange-v1" xmlns:xsi="http://www.w3.org/2001/XMLSchema-instance"><leader>00000n    2200000   4500</leader><datafield tag="001" ind1="0" ind2="0"><subfield code="a">45706141</subfield><subfield code="b">191919</subfield><subfield code="c">20150827140900</subfield><subfield code="d">20150827</subfield><subfield code="f">a</subfield></datafield><datafield tag="002" ind1="0" ind2="0"><subfield code="b">715900</subfield><subfield code="c">90570870</subfield><subfield code="x">71590090570870</subfield></datafield><datafield tag="004" ind1="0" ind2="0"><subfield code="r">c</subfield><subfield code="a">e</subfield></datafield><datafield tag="008" ind1="0" ind2="0"><subfield code="t">m</subfield><subfield code="u">f</subfield><subfield code="a">2010</subfield><subfield code="b">us</subfield><subfield code="l">eng</subfield><subfield code="d">x</subfield><subfield code="o">b</subfield><subfield code="v">0</subfield></datafield><datafield tag="009" ind1="0" ind2="0"><subfield code="a">a</subfield><subfield code="g">xx</subfield></datafield><datafield tag="021" ind1="0" ind2="0"><subfield code="e">9780606146746</subfield><subfield code="c">hbk.</subfield></datafield><datafield tag="100" ind1="0" ind2="0"><subfield code="a">Stine</subfield><subfield code="h">R. L.</subfield><subfield code="4">aut</subfield></datafield><datafield tag="245" ind1="0" ind2="0"><subfield code="a">The Scarecrow Walks at Midnight</subfield></datafield><datafield tag="250" ind1="0" ind2="0"><subfield code="a">[Ny udgave]</subfield><subfield code="b">Ny udgave 2010</subfield></datafield><datafield tag="260" ind1="0" ind2="0"><subfield code="a">New York</subfield><subfield code="b">Scholastic</subfield><subfield code="c">2010</subfield></datafield><datafield tag="300" ind1="0" ind2="0"><subfield code="a">122 sider</subfield></datafield><datafield tag="440" ind1="0" ind2="0"><subfield code="a">Goosebumps</subfield><subfield code="v">[20]</subfield></datafield><datafield tag="504" ind1="0" ind2="0"><subfield code="a">Gyser. Jodi loves to visit her grandparents farm but this summer something is wrong with the scarecrows! The single scarecrow that once stood in the cornfield has been replaced by a dozen creepy ones that come to life at night</subfield></datafield><datafield tag="505" ind1="0" ind2="0"><subfield code="a">Roman</subfield></datafield><datafield tag="508" ind1="0" ind2="0"><subfield code="a">Engelsk tekst</subfield></datafield><datafield tag="512" ind1="0" ind2="0"><subfield code="a">På omslaget: The Original Series From The Master Of Fright!</subfield></datafield><datafield tag="512" ind1="0" ind2="0"><subfield code="a">Bonusmateriale: "Behind the Screams" bonus material by Luke Woods</subfield></datafield><datafield tag="520" ind1="0" ind2="0"><subfield code="a">Originaludgave: 1994</subfield></datafield><datafield tag="526" ind1="0" ind2="0"><subfield code="a">Hertil findes supplerende materiale på bogens hjemmeside. Join Other Fright Fans at: Scholastic.com/Goosebumps</subfield></datafield><datafield tag="652" ind1="0" ind2="0"><subfield code="m">83.8</subfield></datafield><datafield tag="666" ind1="0" ind2="0"><subfield code="s">gys</subfield></datafield><datafield tag="666" ind1="0" ind2="0"><subfield code="s">uhygge</subfield></datafield><datafield tag="666" ind1="0" ind2="0"><subfield code="s">mystik</subfield></datafield><datafield tag="666" ind1="0" ind2="0"><subfield code="u">for 11 år</subfield></datafield><datafield tag="666" ind1="0" ind2="0"><subfield code="u">for 12 år</subfield></datafield><datafield tag="666" ind1="0" ind2="0"><subfield code="u">for 13 år</subfield></datafield><datafield tag="900" ind1="0" ind2="0"><subfield code="a">Stine</subfield><subfield code="h">Robert Lawrence</subfield><subfield code="z">100</subfield></datafield><datafield tag="996" ind1="0" ind2="0"><subfield code="a">715900</subfield></datafield></record>