
<record xsi:schemaLocation="http://www.loc.gov/standards/iso25577/marcxchange-1-1.xsd" xmlns="info:lc/xmlns/marcxchange-v1" xmlns:xsi="http://www.w3.org/2001/XMLSchema-instance"><leader>00000n    2200000   4500</leader><datafield tag="001" ind1="0" ind2="0"><subfield code="a">45706168</subfield><subfield code="b">191919</subfield><subfield code="c">20150827140901</subfield><subfield code="d">20150827</subfield><subfield code="f">a</subfield></datafield><datafield tag="002" ind1="0" ind2="0"><subfield code="b">715900</subfield><subfield code="c">90570935</subfield><subfield code="x">71590090570935</subfield></datafield><datafield tag="004" ind1="0" ind2="0"><subfield code="r">c</subfield><subfield code="a">e</subfield></datafield><datafield tag="008" ind1="0" ind2="0"><subfield code="t">m</subfield><subfield code="u">f</subfield><subfield code="a">2011</subfield><subfield code="b">us</subfield><subfield code="l">eng</subfield><subfield code="d">x</subfield><subfield code="o">b</subfield><subfield code="v">0</subfield></datafield><datafield tag="009" ind1="0" ind2="0"><subfield code="a">a</subfield><subfield code="g">xx</subfield></datafield><datafield tag="021" ind1="0" ind2="0"><subfield code="e">9780606229548</subfield><subfield code="c">hbk.</subfield></datafield><datafield tag="100" ind1="0" ind2="0"><subfield code="a">Stine</subfield><subfield code="h">R. L.</subfield><subfield code="4">aut</subfield></datafield><datafield tag="245" ind1="0" ind2="0"><subfield code="a">Night Of The Giant Everything</subfield></datafield><datafield tag="250" ind1="0" ind2="0"><subfield code="a">1. udgave</subfield><subfield code="b">-</subfield></datafield><datafield tag="260" ind1="0" ind2="0"><subfield code="a">New York</subfield><subfield code="b">Scholastic</subfield><subfield code="c">2011</subfield></datafield><datafield tag="300" ind1="0" ind2="0"><subfield code="a">127 sider</subfield></datafield><datafield tag="440" ind1="0" ind2="0"><subfield code="a">Goosebumps, Hall of Horrors</subfield><subfield code="v">2</subfield></datafield><datafield tag="504" ind1="0" ind2="0"><subfield code="a">Gyser. Steven, a practical joker, is tricked by his friends into drinking a strange mixture of chemicals that causes him to shrink, and he must make it through his house and the dangers inside to reach his normal size</subfield></datafield><datafield tag="505" ind1="0" ind2="0"><subfield code="a">Roman</subfield></datafield><datafield tag="508" ind1="0" ind2="0"><subfield code="a">Engelsk tekst</subfield></datafield><datafield tag="526" ind1="0" ind2="0"><subfield code="a">Hall of Horrors is a Goosebumps mini-series, consisting of six books</subfield></datafield><datafield tag="526" ind1="0" ind2="0"><subfield code="a">Hertil findes supplerende materiale på bogens hjemmeside: Scholastic.com/EnterHorrorland</subfield></datafield><datafield tag="652" ind1="0" ind2="0"><subfield code="m">83.8</subfield></datafield><datafield tag="666" ind1="0" ind2="0"><subfield code="s">gys</subfield></datafield><datafield tag="666" ind1="0" ind2="0"><subfield code="s">uhygge</subfield></datafield><datafield tag="666" ind1="0" ind2="0"><subfield code="s">mystik</subfield></datafield><datafield tag="666" ind1="0" ind2="0"><subfield code="s">lilleput-folk</subfield></datafield><datafield tag="666" ind1="0" ind2="0"><subfield code="u">for 11 år</subfield></datafield><datafield tag="666" ind1="0" ind2="0"><subfield code="u">for 12 år</subfield></datafield><datafield tag="666" ind1="0" ind2="0"><subfield code="u">for 13 år</subfield></datafield><datafield tag="900" ind1="0" ind2="0"><subfield code="a">Stine</subfield><subfield code="h">Robert Lawrence</subfield><subfield code="z">100</subfield></datafield><datafield tag="996" ind1="0" ind2="0"><subfield code="a">715900</subfield></datafield></record>