
<record xsi:schemaLocation="http://www.loc.gov/standards/iso25577/marcxchange-1-1.xsd" xmlns="info:lc/xmlns/marcxchange-v1" xmlns:xsi="http://www.w3.org/2001/XMLSchema-instance"><leader>00000n    2200000   4500</leader><datafield tag="001" ind1="0" ind2="0"><subfield code="a">45706176</subfield><subfield code="b">191919</subfield><subfield code="c">20150827140902</subfield><subfield code="d">20130212</subfield><subfield code="f">a</subfield></datafield><datafield tag="002" ind1="0" ind2="0"><subfield code="b">715900</subfield><subfield code="c">90573489</subfield><subfield code="x">71590090573489</subfield></datafield><datafield tag="004" ind1="0" ind2="0"><subfield code="r">c</subfield><subfield code="a">e</subfield></datafield><datafield tag="008" ind1="0" ind2="0"><subfield code="t">m</subfield><subfield code="u">f</subfield><subfield code="a">2012</subfield><subfield code="b">us</subfield><subfield code="d">x</subfield><subfield code="l">eng</subfield><subfield code="o">b</subfield><subfield code="v">0</subfield></datafield><datafield tag="009" ind1="0" ind2="0"><subfield code="a">a</subfield><subfield code="g">xx</subfield></datafield><datafield tag="021" ind1="0" ind2="0"><subfield code="e">9780316232951</subfield></datafield><datafield tag="021" ind1="0" ind2="0"><subfield code="a">0316232955</subfield></datafield><datafield tag="100" ind1="0" ind2="0"><subfield code="a">Colfer</subfield><subfield code="h">Chris</subfield><subfield code="4">aut</subfield></datafield><datafield tag="245" ind1="0" ind2="0"><subfield code="a">Struck By Lightning</subfield><subfield code="c">The Carson Phillips Journal</subfield></datafield><datafield tag="250" ind1="0" ind2="0"><subfield code="a">1. Edition</subfield><subfield code="b">÷</subfield></datafield><datafield tag="260" ind1="0" ind2="0"><subfield code="a">New York</subfield><subfield code="b">Little, Brown and Company</subfield><subfield code="c">2012</subfield></datafield><datafield tag="300" ind1="0" ind2="0"><subfield code="a">258 sider., 8 sider. med tavler</subfield><subfield code="b">ill. i farver</subfield><subfield code="c">22 cm.</subfield></datafield><datafield tag="504" ind1="0" ind2="0"><subfield code="a">Summary: "Carson Phillips is at the bottom of the food chain in a high school filled with people he hates, stuck living with his depressed single mother in a small-minded town at the corner of nothing and nowhere. He has just one goal: escape to Northwestern University and a career as a hard-hitting journalist. His guidance counselor tells him that he needs to bolster his application by creating a literary magazine. Which means he needs submissions. From other students. Carson resorts to the only thing he can think of: blackmail."--Jkt. flap</subfield></datafield><datafield tag="505" ind1="0" ind2="0"><subfield code="a">Roman</subfield></datafield><datafield tag="508" ind1="0" ind2="0"><subfield code="a">Engelsk tekst</subfield></datafield><datafield tag="652" ind1="0" ind2="0"><subfield code="m">83.8</subfield></datafield><datafield tag="666" ind1="0" ind2="0"><subfield code="s">high school</subfield></datafield><datafield tag="666" ind1="0" ind2="0"><subfield code="s">humor</subfield></datafield><datafield tag="666" ind1="0" ind2="0"><subfield code="s">unge</subfield></datafield><datafield tag="996" ind1="0" ind2="0"><subfield code="a">715900</subfield></datafield></record>