
<marcx:record format="danMARC2" type="Bibliographic" xmlns:marcx="info:lc/xmlns/marcxchange-v1"><marcx:leader>00000n    2200000   4500</marcx:leader><marcx:datafield tag="001" ind1="0" ind2="0"><marcx:subfield code="a">20516771</marcx:subfield><marcx:subfield code="b">191919</marcx:subfield><marcx:subfield code="c">19940704</marcx:subfield><marcx:subfield code="d">19940110</marcx:subfield><marcx:subfield code="f">a</marcx:subfield><marcx:subfield code="o">c</marcx:subfield></marcx:datafield><marcx:datafield tag="004" ind1="0" ind2="0"><marcx:subfield code="r">n</marcx:subfield><marcx:subfield code="a">e</marcx:subfield></marcx:datafield><marcx:datafield tag="008" ind1="0" ind2="0"><marcx:subfield code="t">s</marcx:subfield><marcx:subfield code="u">f</marcx:subfield><marcx:subfield code="a">1993</marcx:subfield><marcx:subfield code="b">dk</marcx:subfield><marcx:subfield code="k">b</marcx:subfield><marcx:subfield code="l">dan</marcx:subfield><marcx:subfield code="v">0</marcx:subfield></marcx:datafield><marcx:datafield tag="009" ind1="0" ind2="0"><marcx:subfield code="a">a</marcx:subfield><marcx:subfield code="g">xx</marcx:subfield></marcx:datafield><marcx:datafield tag="021" ind1="0" ind2="0"><marcx:subfield code="a">87-88944-15-8</marcx:subfield><marcx:subfield code="c">ib.</marcx:subfield><marcx:subfield code="d">kr. 325,00 net.</marcx:subfield></marcx:datafield><marcx:datafield tag="032" ind1="0" ind2="0"><marcx:subfield code="a">DBF199408</marcx:subfield><marcx:subfield code="x">SFD199429</marcx:subfield><marcx:subfield code="x">OPR199408</marcx:subfield></marcx:datafield><marcx:datafield tag="245" ind1="0" ind2="0"><marcx:subfield code="a">Vilhelm Lundstrøm</marcx:subfield><marcx:subfield code="c">100 år - 1893-1993</marcx:subfield><marcx:subfield code="f">Hanne Abildgꜳrd ... [et al.]</marcx:subfield><marcx:subfield code="e">redaktion: Mette Thelle</marcx:subfield></marcx:datafield><marcx:datafield tag="260" ind1="0" ind2="0"><marcx:subfield code="a">Kbh.</marcx:subfield><marcx:subfield code="b">Udstillingsbygningen ved Charlottenborg</marcx:subfield><marcx:subfield code="c">1993</marcx:subfield><marcx:subfield code="k">Freddy Pedersen</marcx:subfield></marcx:datafield><marcx:datafield tag="300" ind1="0" ind2="0"><marcx:subfield code="a">263 sider</marcx:subfield><marcx:subfield code="b">ill. (nogle i farver)</marcx:subfield><marcx:subfield code="c">30 cm</marcx:subfield></marcx:datafield><marcx:datafield tag="507" ind1="0" ind2="0"><marcx:subfield code="a">Udgivet i forbindelse med udstilling i Udstillingsbygningen ved Charlottenborg 5.12.1993-2.1.1994, på Fyns Kunstmuseum, Odense 29.1.-20.3.1994 og på Randers Kunstmuseum 30.3.-29.5.1994</marcx:subfield></marcx:datafield><marcx:datafield tag="530" ind1="0" ind2="0"><marcx:subfield code="&amp;">1</marcx:subfield><marcx:subfield code="a">Indhold: Peter Laugesen: Malermesteren. Henning Damgård-Sørensen: Lundstrøm og hans samtid. Hanne Abildgꜳrd: Fra collager til kæmpekvinder. Finn Terman Frederiksen: Lundstrøm og purismen. Per Kirkeby: Lundstrøm i det sydlige. Mette Thelle: Den arkaiske Lundstrøm. Claus Carstensen: Udsyn og mærkelige knæfald. H.P. Jensen: Pakkassebillederne og pressen. Joachim Koester: Tingenes blik / Joachim Koester, Simon Sheikh. Steen Møller Rasmussen: Lundstrøm live. Carsten Juel-Christiansen: Mellem 2. og 4. dimension. Klaus Rifbjerg: Den nøgne sandhed: Tage Hind: Den kvieøjede Hera. Per Højholt: Lundstrøm tilnærmelser. Anders Kold: Den maskerede Lundstrøm. Jette Lundbo Levy: Varmen ved tingenes ild. Jens-Martin Eriksen: Beggar's Banquet / Jens Martin Eriksen, Jens Chr. Grøndahl</marcx:subfield></marcx:datafield><marcx:datafield tag="532" ind1="0" ind2="0"><marcx:subfield code="&amp;">1</marcx:subfield><marcx:subfield code="a">Udvalgt litteratur: side 262</marcx:subfield></marcx:datafield><marcx:datafield tag="534" ind1="0" ind2="0"><marcx:subfield code="&amp;">1</marcx:subfield><marcx:subfield code="a">Med tekster af: Eva Bendix, Poul Henningsen, Lone Wilhelm Hansen, Otto Gelsted, Gerda Petri og Ole Sarvig</marcx:subfield></marcx:datafield><marcx:datafield tag="600" ind1="0" ind2="0"><marcx:subfield code="a">Lundstrøm</marcx:subfield><marcx:subfield code="h">Vilhelm</marcx:subfield></marcx:datafield><marcx:datafield tag="652" ind1="0" ind2="0"><marcx:subfield code="m">99.4</marcx:subfield><marcx:subfield code="a">Lundstrøm</marcx:subfield><marcx:subfield code="h">Vilhelm</marcx:subfield></marcx:datafield><marcx:datafield tag="652" ind1="0" ind2="0"><marcx:subfield code="q">74.6</marcx:subfield><marcx:subfield code="z">99</marcx:subfield><marcx:subfield code="a">Lundstrøm</marcx:subfield><marcx:subfield code="h">Vilhelm</marcx:subfield></marcx:datafield><marcx:datafield tag="652" ind1="0" ind2="0"><marcx:subfield code="r">74.6</marcx:subfield></marcx:datafield><marcx:datafield tag="666" ind1="0" ind2="0"><marcx:subfield code="0"/><marcx:subfield code="f">dansk malerkunst</marcx:subfield></marcx:datafield><marcx:datafield tag="666" ind1="0" ind2="0"><marcx:subfield code="0"/><marcx:subfield code="f">malerkunst</marcx:subfield></marcx:datafield><marcx:datafield tag="666" ind1="0" ind2="0"><marcx:subfield code="0"/><marcx:subfield code="f">danske malere</marcx:subfield></marcx:datafield><marcx:datafield tag="666" ind1="0" ind2="0"><marcx:subfield code="0"/><marcx:subfield code="f">malere</marcx:subfield></marcx:datafield><marcx:datafield tag="666" ind1="0" ind2="0"><marcx:subfield code="0"/><marcx:subfield code="i">1900-1999</marcx:subfield></marcx:datafield><marcx:datafield tag="666" ind1="0" ind2="0"><marcx:subfield code="0"/><marcx:subfield code="o">biografier</marcx:subfield></marcx:datafield><marcx:datafield tag="666" ind1="0" ind2="0"><marcx:subfield code="0"/><marcx:subfield code="o">billedværker</marcx:subfield></marcx:datafield><marcx:datafield tag="700" ind1="0" ind2="0"><marcx:subfield code="a">Thelle</marcx:subfield><marcx:subfield code="h">Mette</marcx:subfield></marcx:datafield><marcx:datafield tag="710" ind1="0" ind2="0"><marcx:subfield code="å">1</marcx:subfield><marcx:subfield code="a">Udstillingsbygningen ved Charlottenborg</marcx:subfield></marcx:datafield><marcx:datafield tag="710" ind1="0" ind2="0"><marcx:subfield code="a">Fyns Kunstmuseum</marcx:subfield></marcx:datafield><marcx:datafield tag="710" ind1="0" ind2="0"><marcx:subfield code="a">Randers Kunstmuseum</marcx:subfield></marcx:datafield><marcx:datafield tag="910" ind1="0" ind2="0"><marcx:subfield code="a">Charlottenborg, Udstillingsbygningen ved</marcx:subfield><marcx:subfield code="z">710/1</marcx:subfield></marcx:datafield><marcx:datafield tag="996" ind1="0" ind2="0"><marcx:subfield code="a">DBC</marcx:subfield></marcx:datafield></marcx:record>