
<marcx:record format="danMARC2" type="Bibliographic" xmlns:marcx="info:lc/xmlns/marcxchange-v1"><marcx:leader>00000n    2200000   4500</marcx:leader><marcx:datafield tag="001" ind1="0" ind2="0"><marcx:subfield code="a">20525738</marcx:subfield><marcx:subfield code="b">191919</marcx:subfield><marcx:subfield code="c">19940418</marcx:subfield><marcx:subfield code="d">19940118</marcx:subfield><marcx:subfield code="f">a</marcx:subfield><marcx:subfield code="o">c</marcx:subfield></marcx:datafield><marcx:datafield tag="004" ind1="0" ind2="0"><marcx:subfield code="r">n</marcx:subfield><marcx:subfield code="a">e</marcx:subfield></marcx:datafield><marcx:datafield tag="008" ind1="0" ind2="0"><marcx:subfield code="t">s</marcx:subfield><marcx:subfield code="u">f</marcx:subfield><marcx:subfield code="a">1993</marcx:subfield><marcx:subfield code="b">dk</marcx:subfield><marcx:subfield code="l">eng</marcx:subfield><marcx:subfield code="v">0</marcx:subfield></marcx:datafield><marcx:datafield tag="009" ind1="0" ind2="0"><marcx:subfield code="a">s</marcx:subfield><marcx:subfield code="g">xc</marcx:subfield></marcx:datafield><marcx:datafield tag="020" ind1="0" ind2="0"><marcx:subfield code="a">dk</marcx:subfield></marcx:datafield><marcx:datafield tag="032" ind1="0" ind2="0"><marcx:subfield code="a">DMO199417</marcx:subfield></marcx:datafield><marcx:datafield tag="039" ind1="0" ind2="0"><marcx:subfield code="a">bef</marcx:subfield></marcx:datafield><marcx:datafield tag="100" ind1="0" ind2="0"><marcx:subfield code="a">Getz</marcx:subfield><marcx:subfield code="h">Stella</marcx:subfield></marcx:datafield><marcx:datafield tag="245" ind1="0" ind2="0"><marcx:subfield code="a">Friends</marcx:subfield><marcx:subfield code="i">music by Lars E. Ludvigsen &amp; Mikkel S. Eriksen</marcx:subfield><marcx:subfield code="i">lyrics by Lars E. Ludvigsen, Mikkel S. Eriksen &amp; Stella Getz</marcx:subfield><marcx:subfield code="i">produced by Lars E. Ludvigsen &amp; Mikkel S. Eriksen</marcx:subfield></marcx:datafield><marcx:datafield tag="260" ind1="0" ind2="0"><marcx:subfield code="b">Mega</marcx:subfield><marcx:subfield code="c">[1993]</marcx:subfield></marcx:datafield><marcx:datafield tag="531" ind1="0" ind2="0"><marcx:subfield code="a">Indhold:</marcx:subfield></marcx:datafield><marcx:datafield tag="538" ind1="0" ind2="0"><marcx:subfield code="f">Mega</marcx:subfield><marcx:subfield code="g">MRCXCD 2594</marcx:subfield></marcx:datafield><marcx:datafield tag="652" ind1="0" ind2="0"><marcx:subfield code="m">78.794</marcx:subfield><marcx:subfield code="v">5</marcx:subfield></marcx:datafield><marcx:datafield tag="700" ind1="0" ind2="0"><marcx:subfield code="a">Ludvigsen</marcx:subfield><marcx:subfield code="h">Lars E.</marcx:subfield></marcx:datafield><marcx:datafield tag="700" ind1="0" ind2="0"><marcx:subfield code="a">Eriksen</marcx:subfield><marcx:subfield code="h">Mikkel S.</marcx:subfield></marcx:datafield><marcx:datafield tag="795" ind1="0" ind2="0"><marcx:subfield code="å">11</marcx:subfield><marcx:subfield code="a">Friends</marcx:subfield><marcx:subfield code="b">(7")</marcx:subfield><marcx:subfield code="l">3:12 min</marcx:subfield><marcx:subfield code="a">Friends</marcx:subfield><marcx:subfield code="b">(12")</marcx:subfield><marcx:subfield code="l">7:14 min</marcx:subfield><marcx:subfield code="a">Friends</marcx:subfield><marcx:subfield code="b">(late nite mix)</marcx:subfield><marcx:subfield code="l">4:38 min</marcx:subfield><marcx:subfield code="a">Friends</marcx:subfield><marcx:subfield code="b">(U.S. remix)</marcx:subfield><marcx:subfield code="l">2:55 min</marcx:subfield></marcx:datafield><marcx:datafield tag="996" ind1="0" ind2="0"><marcx:subfield code="a">DBC</marcx:subfield></marcx:datafield></marcx:record>