
<marcx:record format="danMARC2" type="Bibliographic" xmlns:marcx="info:lc/xmlns/marcxchange-v1"><marcx:leader>00000n    2200000   4500</marcx:leader><marcx:datafield tag="001" ind1="0" ind2="0"><marcx:subfield code="a">20681551</marcx:subfield><marcx:subfield code="b">191919</marcx:subfield><marcx:subfield code="c">19940816</marcx:subfield><marcx:subfield code="d">19940811</marcx:subfield><marcx:subfield code="f">a</marcx:subfield><marcx:subfield code="o">c</marcx:subfield></marcx:datafield><marcx:datafield tag="004" ind1="0" ind2="0"><marcx:subfield code="r">n</marcx:subfield><marcx:subfield code="a">e</marcx:subfield></marcx:datafield><marcx:datafield tag="005" ind1="0" ind2="0"><marcx:subfield code="h">e</marcx:subfield></marcx:datafield><marcx:datafield tag="008" ind1="0" ind2="0"><marcx:subfield code="t">s</marcx:subfield><marcx:subfield code="u">f</marcx:subfield><marcx:subfield code="a">1994</marcx:subfield><marcx:subfield code="b">dk</marcx:subfield><marcx:subfield code="l">eng</marcx:subfield><marcx:subfield code="v">0</marcx:subfield></marcx:datafield><marcx:datafield tag="009" ind1="0" ind2="0"><marcx:subfield code="a">s</marcx:subfield><marcx:subfield code="g">xc</marcx:subfield></marcx:datafield><marcx:datafield tag="020" ind1="0" ind2="0"><marcx:subfield code="a">dk</marcx:subfield></marcx:datafield><marcx:datafield tag="021" ind1="0" ind2="0"><marcx:subfield code="d">kr. 181.00</marcx:subfield></marcx:datafield><marcx:datafield tag="032" ind1="0" ind2="0"><marcx:subfield code="x">SFG199434</marcx:subfield><marcx:subfield code="a">DMO199434</marcx:subfield></marcx:datafield><marcx:datafield tag="039" ind1="0" ind2="0"><marcx:subfield code="a">bef</marcx:subfield></marcx:datafield><marcx:datafield tag="110" ind1="0" ind2="0"><marcx:subfield code="a">In Absentia</marcx:subfield></marcx:datafield><marcx:datafield tag="245" ind1="0" ind2="0"><marcx:subfield code="a">Deviance</marcx:subfield><marcx:subfield code="i">all trax by In Absentia</marcx:subfield><marcx:subfield code="e">In Absentia (Sune Groule, Henrik Marx, Tommy B-Kuhlmann) med Inge Mønster</marcx:subfield><marcx:subfield code="i">produced by the counts who can't count</marcx:subfield></marcx:datafield><marcx:datafield tag="260" ind1="0" ind2="0"><marcx:subfield code="b">Hard</marcx:subfield><marcx:subfield code="c">P 1994</marcx:subfield></marcx:datafield><marcx:datafield tag="512" ind1="0" ind2="0"><marcx:subfield code="&amp;">1</marcx:subfield><marcx:subfield code="a">Tekster på omslag</marcx:subfield></marcx:datafield><marcx:datafield tag="531" ind1="0" ind2="0"><marcx:subfield code="a">Indhold:</marcx:subfield></marcx:datafield><marcx:datafield tag="538" ind1="0" ind2="0"><marcx:subfield code="f">Hard</marcx:subfield><marcx:subfield code="g">HARDEST 09</marcx:subfield></marcx:datafield><marcx:datafield tag="652" ind1="0" ind2="0"><marcx:subfield code="m">78.794</marcx:subfield><marcx:subfield code="v">5</marcx:subfield></marcx:datafield><marcx:datafield tag="700" ind1="0" ind2="0"><marcx:subfield code="a">Groule</marcx:subfield><marcx:subfield code="h">Sune</marcx:subfield></marcx:datafield><marcx:datafield tag="700" ind1="0" ind2="0"><marcx:subfield code="a">Marx</marcx:subfield><marcx:subfield code="h">Henrik</marcx:subfield></marcx:datafield><marcx:datafield tag="700" ind1="0" ind2="0"><marcx:subfield code="a">B-Kuhlmann</marcx:subfield><marcx:subfield code="h">Tommy</marcx:subfield></marcx:datafield><marcx:datafield tag="700" ind1="0" ind2="0"><marcx:subfield code="a">Mønster</marcx:subfield><marcx:subfield code="h">Inge</marcx:subfield></marcx:datafield><marcx:datafield tag="795" ind1="0" ind2="0"><marcx:subfield code="å">11</marcx:subfield><marcx:subfield code="a">Heat - black</marcx:subfield><marcx:subfield code="a">Fuck - die</marcx:subfield><marcx:subfield code="a">Did you know?</marcx:subfield><marcx:subfield code="i">Inge Mønster, add. vox</marcx:subfield><marcx:subfield code="a">The ¤undead</marcx:subfield><marcx:subfield code="i">Inge Mønster, add. vox</marcx:subfield><marcx:subfield code="a">Fire of life</marcx:subfield><marcx:subfield code="b">(burning forever)</marcx:subfield><marcx:subfield code="i">Inge Mønster, add. vox</marcx:subfield><marcx:subfield code="a">Fire of life</marcx:subfield><marcx:subfield code="b">(putting out fire)</marcx:subfield><marcx:subfield code="a">Fire of life</marcx:subfield><marcx:subfield code="b">(the pleasure of killing)</marcx:subfield><marcx:subfield code="a">Midnight</marcx:subfield><marcx:subfield code="a">Face the facts</marcx:subfield><marcx:subfield code="a">Curse of being</marcx:subfield><marcx:subfield code="i">Inge Mønster, add. vox</marcx:subfield><marcx:subfield code="a">Memory</marcx:subfield></marcx:datafield><marcx:datafield tag="996" ind1="0" ind2="0"><marcx:subfield code="a">DBC</marcx:subfield></marcx:datafield></marcx:record>