
<marcx:record format="danMARC2" type="Bibliographic" xmlns:marcx="info:lc/xmlns/marcxchange-v1"><marcx:leader>00000n    2200000   4500</marcx:leader><marcx:datafield tag="001" ind1="0" ind2="0"><marcx:subfield code="a">20477679</marcx:subfield><marcx:subfield code="b">191919</marcx:subfield><marcx:subfield code="c">19931217</marcx:subfield><marcx:subfield code="d">19931124</marcx:subfield><marcx:subfield code="f">a</marcx:subfield><marcx:subfield code="o">c</marcx:subfield></marcx:datafield><marcx:datafield tag="004" ind1="0" ind2="0"><marcx:subfield code="r">n</marcx:subfield><marcx:subfield code="a">e</marcx:subfield></marcx:datafield><marcx:datafield tag="008" ind1="0" ind2="0"><marcx:subfield code="t">m</marcx:subfield><marcx:subfield code="u">f</marcx:subfield><marcx:subfield code="a">1993</marcx:subfield><marcx:subfield code="b">dk</marcx:subfield><marcx:subfield code="e">1</marcx:subfield><marcx:subfield code="l">ger</marcx:subfield><marcx:subfield code="v">0</marcx:subfield></marcx:datafield><marcx:datafield tag="009" ind1="0" ind2="0"><marcx:subfield code="a">a</marcx:subfield><marcx:subfield code="g">xx</marcx:subfield></marcx:datafield><marcx:datafield tag="021" ind1="0" ind2="0"><marcx:subfield code="a">87-90074-02-5</marcx:subfield><marcx:subfield code="c">hf.</marcx:subfield><marcx:subfield code="d">gratis</marcx:subfield></marcx:datafield><marcx:datafield tag="032" ind1="0" ind2="0"><marcx:subfield code="a">DBF199402</marcx:subfield></marcx:datafield><marcx:datafield tag="041" ind1="0" ind2="0"><marcx:subfield code="a">ger</marcx:subfield><marcx:subfield code="c">dan</marcx:subfield></marcx:datafield><marcx:datafield tag="100" ind1="0" ind2="0"><marcx:subfield code="a">Suadicani</marcx:subfield><marcx:subfield code="h">Kjell</marcx:subfield></marcx:datafield><marcx:datafield tag="241" ind1="0" ind2="0"><marcx:subfield code="a">Træ til energiformål</marcx:subfield></marcx:datafield><marcx:datafield tag="245" ind1="0" ind2="0"><marcx:subfield code="a">Holz als Energieträger</marcx:subfield><marcx:subfield code="c">Technik, Umwelt und Ökonomie</marcx:subfield><marcx:subfield code="f">ausgearbeitet im Auftrag der dänischen Energiebehörde</marcx:subfield><marcx:subfield code="e">vom Center für Biomasse-Technologie</marcx:subfield><marcx:subfield code="e">Autoren: ... Kjell Suadicani ... Anders Evald ... Henrik Houmann Jakobsen</marcx:subfield></marcx:datafield><marcx:datafield tag="260" ind1="0" ind2="0"><marcx:subfield code="a">[S.l.]</marcx:subfield><marcx:subfield code="b">Center für Biomasse-Technologie</marcx:subfield><marcx:subfield code="f">Kopenhagen</marcx:subfield><marcx:subfield code="g">kann bei der dänischen Energiebehörde ... angefordert werden</marcx:subfield><marcx:subfield code="d">Landemærket 11, 1119 K</marcx:subfield><marcx:subfield code="c">1993</marcx:subfield><marcx:subfield code="k">Trøjborg Bogtryk, Århus</marcx:subfield></marcx:datafield><marcx:datafield tag="300" ind1="0" ind2="0"><marcx:subfield code="a">51 sider</marcx:subfield><marcx:subfield code="b">ill.</marcx:subfield><marcx:subfield code="c">30 cm</marcx:subfield></marcx:datafield><marcx:datafield tag="532" ind1="0" ind2="0"><marcx:subfield code="&amp;">1</marcx:subfield><marcx:subfield code="a">Literaturverzeichnis: side 49-50</marcx:subfield></marcx:datafield><marcx:datafield tag="652" ind1="0" ind2="0"><marcx:subfield code="m">66.51</marcx:subfield></marcx:datafield><marcx:datafield tag="700" ind1="0" ind2="0"><marcx:subfield code="a">Evald</marcx:subfield><marcx:subfield code="h">Anders</marcx:subfield></marcx:datafield><marcx:datafield tag="700" ind1="0" ind2="0"><marcx:subfield code="å">2</marcx:subfield><marcx:subfield code="a">Houmann Jakobsen</marcx:subfield><marcx:subfield code="h">Henrik</marcx:subfield></marcx:datafield><marcx:datafield tag="710" ind1="0" ind2="0"><marcx:subfield code="å">1</marcx:subfield><marcx:subfield code="a">Videncentret for Halm- og Flisfyring</marcx:subfield></marcx:datafield><marcx:datafield tag="710" ind1="0" ind2="0"><marcx:subfield code="å">2</marcx:subfield><marcx:subfield code="c">Energistyrelsen</marcx:subfield></marcx:datafield><marcx:datafield tag="900" ind1="0" ind2="0"><marcx:subfield code="a">Jakobsen</marcx:subfield><marcx:subfield code="h">Henrik Houmann</marcx:subfield><marcx:subfield code="z">700/2</marcx:subfield></marcx:datafield><marcx:datafield tag="910" ind1="0" ind2="0"><marcx:subfield code="a">Center für Biomasse-Technologie</marcx:subfield><marcx:subfield code="z">710/1</marcx:subfield></marcx:datafield><marcx:datafield tag="910" ind1="0" ind2="0"><marcx:subfield code="c">Energiministeriet</marcx:subfield><marcx:subfield code="c">Energistyrelsen</marcx:subfield><marcx:subfield code="z">710/2</marcx:subfield></marcx:datafield><marcx:datafield tag="910" ind1="0" ind2="0"><marcx:subfield code="c">Die ¤Dänische Energiebehörde</marcx:subfield><marcx:subfield code="z">710/2</marcx:subfield></marcx:datafield><marcx:datafield tag="996" ind1="0" ind2="0"><marcx:subfield code="a">DBC</marcx:subfield></marcx:datafield></marcx:record>