
<marcx:record format="danMARC2" type="Bibliographic" xmlns:marcx="info:lc/xmlns/marcxchange-v1"><marcx:leader>00000n    2200000   4500</marcx:leader><marcx:datafield tag="001" ind1="0" ind2="0"><marcx:subfield code="a">20479191</marcx:subfield><marcx:subfield code="b">191919</marcx:subfield><marcx:subfield code="c">20111216113913</marcx:subfield><marcx:subfield code="d">19931125</marcx:subfield><marcx:subfield code="f">a</marcx:subfield><marcx:subfield code="o">c</marcx:subfield></marcx:datafield><marcx:datafield tag="004" ind1="0" ind2="0"><marcx:subfield code="r">n</marcx:subfield><marcx:subfield code="a">e</marcx:subfield></marcx:datafield><marcx:datafield tag="005" ind1="0" ind2="0"><marcx:subfield code="h">e</marcx:subfield><marcx:subfield code="i">a</marcx:subfield><marcx:subfield code="k">a</marcx:subfield></marcx:datafield><marcx:datafield tag="008" ind1="0" ind2="0"><marcx:subfield code="t">s</marcx:subfield><marcx:subfield code="u">f</marcx:subfield><marcx:subfield code="a">1993</marcx:subfield><marcx:subfield code="b">dk</marcx:subfield><marcx:subfield code="j">p</marcx:subfield><marcx:subfield code="l">dan</marcx:subfield><marcx:subfield code="v">0</marcx:subfield></marcx:datafield><marcx:datafield tag="009" ind1="0" ind2="0"><marcx:subfield code="a">c</marcx:subfield><marcx:subfield code="g">xx</marcx:subfield></marcx:datafield><marcx:datafield tag="021" ind1="0" ind2="0"><marcx:subfield code="a">87-89545-02-8</marcx:subfield><marcx:subfield code="c">hf.</marcx:subfield><marcx:subfield code="d">kr. 28.50</marcx:subfield></marcx:datafield><marcx:datafield tag="032" ind1="0" ind2="0"><marcx:subfield code="x">SFM199350</marcx:subfield><marcx:subfield code="x">SAN198507</marcx:subfield></marcx:datafield><marcx:datafield tag="245" ind1="0" ind2="0"><marcx:subfield code="a">Julen har bragt</marcx:subfield><marcx:subfield code="c">tostemmige julesange</marcx:subfield><marcx:subfield code="c">for 2 lige stemmer</marcx:subfield><marcx:subfield code="e">arr[angementer]: \Tom Horn\</marcx:subfield><marcx:subfield code="Ø">horn</marcx:subfield><marcx:subfield code="ø">Ved Tom Horn</marcx:subfield></marcx:datafield><marcx:datafield tag="260" ind1="0" ind2="0"><marcx:subfield code="a">Vejle</marcx:subfield><marcx:subfield code="d">c/o Johannesskolen, Rudolf Steiner Skolen, Sukkertoppen 4, 7100</marcx:subfield><marcx:subfield code="b">Balder</marcx:subfield><marcx:subfield code="c">1993</marcx:subfield></marcx:datafield><marcx:datafield tag="300" ind1="0" ind2="0"><marcx:subfield code="n">1 \partitur\</marcx:subfield><marcx:subfield code="a">20 sider</marcx:subfield><marcx:subfield code="c">21 cm</marcx:subfield></marcx:datafield><marcx:datafield tag="512" ind1="0" ind2="0"><marcx:subfield code="a">Kan også udføres af 2 sopranblokfløjter</marcx:subfield></marcx:datafield><marcx:datafield tag="512" ind1="0" ind2="0"><marcx:subfield code="&amp;">san</marcx:subfield><marcx:subfield code="i">Tekster</marcx:subfield><marcx:subfield code="d">N. F. S. Grundtvig</marcx:subfield><marcx:subfield code="t">Dejlig er den himmel blå</marcx:subfield><marcx:subfield code="d">B. S. Ingemann</marcx:subfield><marcx:subfield code="t">Dejlig er jorden</marcx:subfield><marcx:subfield code="d">H. A. Brorson</marcx:subfield><marcx:subfield code="t">Den yndigste rose er funden</marcx:subfield><marcx:subfield code="d">N. F. S. Grundtvig</marcx:subfield><marcx:subfield code="t">Det kimer nu til julefest</marcx:subfield><marcx:subfield code="d">Th. Laub, Uffe Hansen</marcx:subfield><marcx:subfield code="t">En rose så jeg skyde</marcx:subfield><marcx:subfield code="d">N. F. S. Grundtvig</marcx:subfield><marcx:subfield code="t">Et barn er født i Betlehem</marcx:subfield><marcx:subfield code="d">L. Luther</marcx:subfield><marcx:subfield code="t">Fra himlen højt kom budskab her</marcx:subfield><marcx:subfield code="d">B. S. Ingemann</marcx:subfield><marcx:subfield code="t">Glade jul, dejlige jul</marcx:subfield><marcx:subfield code="d">H. A. Brorson</marcx:subfield><marcx:subfield code="t">Her kommer, Jesus, dine små</marcx:subfield><marcx:subfield code="d">Peter Faber</marcx:subfield><marcx:subfield code="t">Højt fra træets grønne top</marcx:subfield><marcx:subfield code="d">B. S. Ingemann</marcx:subfield><marcx:subfield code="t">Julen har bragt velsignet bud</marcx:subfield><marcx:subfield code="d">Thomas Alvad</marcx:subfield><marcx:subfield code="t">Maria gennem torne går</marcx:subfield><marcx:subfield code="d">Wulff</marcx:subfield><marcx:subfield code="t">Over hele jorden ud</marcx:subfield><marcx:subfield code="d">N. F. S. Grundtvig</marcx:subfield><marcx:subfield code="t">Velkommen igen, Guds engle små</marcx:subfield><marcx:subfield code="t">Vær velkommen, Herrens år</marcx:subfield><marcx:subfield code="d">Margrethe Munthe</marcx:subfield><marcx:subfield code="t">Åh, jeg er så glad, så glad!</marcx:subfield></marcx:datafield><marcx:datafield tag="531" ind1="0" ind2="0"><marcx:subfield code="a">Indhold:</marcx:subfield></marcx:datafield><marcx:datafield tag="534" ind1="0" ind2="0"><marcx:subfield code="a">Med sangtekster</marcx:subfield></marcx:datafield><marcx:datafield tag="652" ind1="0" ind2="0"><marcx:subfield code="m">78.799</marcx:subfield></marcx:datafield><marcx:datafield tag="652" ind1="0" ind2="0"><marcx:subfield code="p">78.432</marcx:subfield></marcx:datafield><marcx:datafield tag="652" ind1="0" ind2="0"><marcx:subfield code="p">78.6531</marcx:subfield></marcx:datafield><marcx:datafield tag="652" ind1="0" ind2="0"><marcx:subfield code="p">78.695</marcx:subfield></marcx:datafield><marcx:datafield tag="700" ind1="0" ind2="0"><marcx:subfield code="a">Horn</marcx:subfield><marcx:subfield code="h">Tom</marcx:subfield><marcx:subfield code="c">f. 1947</marcx:subfield></marcx:datafield><marcx:datafield tag="770" ind1="0" ind2="0"><marcx:subfield code="å">12</marcx:subfield><marcx:subfield code="a">Klug</marcx:subfield><marcx:subfield code="h">Joseph</marcx:subfield></marcx:datafield><marcx:datafield tag="770" ind1="0" ind2="0"><marcx:subfield code="å">13</marcx:subfield><marcx:subfield code="a">Balle</marcx:subfield><marcx:subfield code="h">C.</marcx:subfield></marcx:datafield><marcx:datafield tag="770" ind1="0" ind2="0"><marcx:subfield code="å">14</marcx:subfield><marcx:subfield code="a">Gruber</marcx:subfield><marcx:subfield code="h">Franz</marcx:subfield></marcx:datafield><marcx:datafield tag="770" ind1="0" ind2="0"><marcx:subfield code="å">15</marcx:subfield><marcx:subfield code="a">Schulz</marcx:subfield><marcx:subfield code="h">J. A. P.</marcx:subfield></marcx:datafield><marcx:datafield tag="770" ind1="0" ind2="0"><marcx:subfield code="å">16</marcx:subfield><marcx:subfield code="a">Horneman</marcx:subfield><marcx:subfield code="h">Emil</marcx:subfield></marcx:datafield><marcx:datafield tag="770" ind1="0" ind2="0"><marcx:subfield code="å">17</marcx:subfield><marcx:subfield code="a">Weyse</marcx:subfield><marcx:subfield code="h">C. E. F.</marcx:subfield></marcx:datafield><marcx:datafield tag="770" ind1="0" ind2="0"><marcx:subfield code="å">18</marcx:subfield><marcx:subfield code="a">Horn</marcx:subfield><marcx:subfield code="h">Tom</marcx:subfield><marcx:subfield code="c">f. 1947</marcx:subfield></marcx:datafield><marcx:datafield tag="770" ind1="0" ind2="0"><marcx:subfield code="å">19</marcx:subfield><marcx:subfield code="a">Berggreen</marcx:subfield><marcx:subfield code="h">A. P.</marcx:subfield></marcx:datafield><marcx:datafield tag="795" ind1="0" ind2="0"><marcx:subfield code="å">11</marcx:subfield><marcx:subfield code="a">Dejlig er den himmel blå</marcx:subfield><marcx:subfield code="a">Dejlig er jorden</marcx:subfield><marcx:subfield code="a">En ¤rose så jeg skyde</marcx:subfield><marcx:subfield code="a">Et ¤barn er født i Betlehem</marcx:subfield><marcx:subfield code="a">Fra himlen højt</marcx:subfield><marcx:subfield code="a">Maria gennem torne går</marcx:subfield></marcx:datafield><marcx:datafield tag="795" ind1="0" ind2="0"><marcx:subfield code="å">12</marcx:subfield><marcx:subfield code="a">Den ¤yndigste rose er funden</marcx:subfield></marcx:datafield><marcx:datafield tag="795" ind1="0" ind2="0"><marcx:subfield code="å">13</marcx:subfield><marcx:subfield code="a">Det kimer nu til julefest</marcx:subfield></marcx:datafield><marcx:datafield tag="795" ind1="0" ind2="0"><marcx:subfield code="å">14</marcx:subfield><marcx:subfield code="a">Glade jul</marcx:subfield></marcx:datafield><marcx:datafield tag="795" ind1="0" ind2="0"><marcx:subfield code="å">15</marcx:subfield><marcx:subfield code="a">Her kommer, Jesus, dine små</marcx:subfield></marcx:datafield><marcx:datafield tag="795" ind1="0" ind2="0"><marcx:subfield code="å">16</marcx:subfield><marcx:subfield code="a">Højt fra træets grønne top</marcx:subfield></marcx:datafield><marcx:datafield tag="795" ind1="0" ind2="0"><marcx:subfield code="å">17</marcx:subfield><marcx:subfield code="a">Julen har bragt velsignet bud</marcx:subfield></marcx:datafield><marcx:datafield tag="795" ind1="0" ind2="0"><marcx:subfield code="å">18</marcx:subfield><marcx:subfield code="a">Over hele jorden</marcx:subfield><marcx:subfield code="a">Åh, jeg er så glad</marcx:subfield></marcx:datafield><marcx:datafield tag="795" ind1="0" ind2="0"><marcx:subfield code="å">19</marcx:subfield><marcx:subfield code="a">Velkommen igen, Guds engle små</marcx:subfield><marcx:subfield code="a">Vær velkommen, Herrens år</marcx:subfield></marcx:datafield><marcx:datafield tag="990" ind1="0" ind2="0"><marcx:subfield code="a">SFM</marcx:subfield><marcx:subfield code="n">72</marcx:subfield></marcx:datafield><marcx:datafield tag="996" ind1="0" ind2="0"><marcx:subfield code="a">DBC</marcx:subfield></marcx:datafield></marcx:record>