
<marcx:record format="danMARC2" type="Bibliographic" xmlns:marcx="info:lc/xmlns/marcxchange-v1"><marcx:leader>00000n    2200000   4500</marcx:leader><marcx:datafield tag="001" ind1="0" ind2="0"><marcx:subfield code="a">41973420</marcx:subfield><marcx:subfield code="b">191919</marcx:subfield><marcx:subfield code="c">19990510195242</marcx:subfield><marcx:subfield code="d">19990510</marcx:subfield><marcx:subfield code="f">a</marcx:subfield></marcx:datafield><marcx:datafield tag="002" ind1="0" ind2="0"><marcx:subfield code="b">714700</marcx:subfield><marcx:subfield code="c">90531751</marcx:subfield><marcx:subfield code="x">71470090531751</marcx:subfield></marcx:datafield><marcx:datafield tag="004" ind1="0" ind2="0"><marcx:subfield code="r">n</marcx:subfield><marcx:subfield code="a">e</marcx:subfield></marcx:datafield><marcx:datafield tag="008" ind1="0" ind2="0"><marcx:subfield code="t">s</marcx:subfield><marcx:subfield code="v">0</marcx:subfield></marcx:datafield><marcx:datafield tag="009" ind1="0" ind2="0"><marcx:subfield code="a">s</marcx:subfield><marcx:subfield code="g">xc</marcx:subfield></marcx:datafield><marcx:datafield tag="021" ind1="0" ind2="0"><marcx:subfield code="d">kr. 138.00</marcx:subfield></marcx:datafield><marcx:datafield tag="039" ind1="0" ind2="0"><marcx:subfield code="a">und</marcx:subfield></marcx:datafield><marcx:datafield tag="100" ind1="0" ind2="0"><marcx:subfield code="a">Greger</marcx:subfield><marcx:subfield code="h">Max</marcx:subfield></marcx:datafield><marcx:datafield tag="245" ind1="0" ind2="0"><marcx:subfield code="a">Tanzen '97</marcx:subfield><marcx:subfield code="e">Max Greger og hans Orkester</marcx:subfield></marcx:datafield><marcx:datafield tag="260" ind1="0" ind2="0"><marcx:subfield code="b">Polydor</marcx:subfield></marcx:datafield><marcx:datafield tag="512" ind1="0" ind2="0"><marcx:subfield code="a">Indspillet 1997</marcx:subfield></marcx:datafield><marcx:datafield tag="531" ind1="0" ind2="0"><marcx:subfield code="a">Indhold:</marcx:subfield></marcx:datafield><marcx:datafield tag="538" ind1="0" ind2="0"><marcx:subfield code="f">Polydor</marcx:subfield><marcx:subfield code="g">537131-2</marcx:subfield></marcx:datafield><marcx:datafield tag="652" ind1="0" ind2="0"><marcx:subfield code="m">78.797</marcx:subfield><marcx:subfield code="v">41</marcx:subfield></marcx:datafield><marcx:datafield tag="666" ind1="0" ind2="0"><marcx:subfield code="m">dansemusik (korrekt tempo)</marcx:subfield><marcx:subfield code="m">ballroom</marcx:subfield><marcx:subfield code="m">latinamerikansk dans</marcx:subfield><marcx:subfield code="m">standarddans</marcx:subfield><marcx:subfield code="m">samba</marcx:subfield><marcx:subfield code="m">rumba</marcx:subfield><marcx:subfield code="m">cha cha cha</marcx:subfield><marcx:subfield code="m">blues</marcx:subfield><marcx:subfield code="m">jive</marcx:subfield><marcx:subfield code="m">vals</marcx:subfield><marcx:subfield code="m">slowfox</marcx:subfield><marcx:subfield code="m">foxtrot</marcx:subfield><marcx:subfield code="m">tango</marcx:subfield><marcx:subfield code="m">quickstep</marcx:subfield><marcx:subfield code="m">mambo</marcx:subfield><marcx:subfield code="n">instrumental</marcx:subfield><marcx:subfield code="p">1990-1999</marcx:subfield><marcx:subfield code="l">Tyskland</marcx:subfield></marcx:datafield><marcx:datafield tag="795" ind1="0" ind2="0"><marcx:subfield code="å">11</marcx:subfield><marcx:subfield code="a">Macarena</marcx:subfield><marcx:subfield code="a">How deep is your love</marcx:subfield><marcx:subfield code="a">Something stupid</marcx:subfield><marcx:subfield code="a">Half a minute</marcx:subfield><marcx:subfield code="a">Sentimental journey</marcx:subfield><marcx:subfield code="a">Clementine</marcx:subfield><marcx:subfield code="a">Three times a lady</marcx:subfield><marcx:subfield code="a">Petit fleur</marcx:subfield><marcx:subfield code="a">So what's new</marcx:subfield><marcx:subfield code="a">Blue tango</marcx:subfield><marcx:subfield code="a">Lullaby of Birdland</marcx:subfield><marcx:subfield code="a">The ¤continental/I've got you under my skin</marcx:subfield><marcx:subfield code="a">Bei mir bist du schön/Goody, goody</marcx:subfield><marcx:subfield code="a">Edelweiss/Around the world/Moon river</marcx:subfield><marcx:subfield code="a">Moliendo Café</marcx:subfield><marcx:subfield code="a">Rumba bolero</marcx:subfield><marcx:subfield code="a">Tequila</marcx:subfield></marcx:datafield><marcx:datafield tag="795" ind1="0" ind2="0"><marcx:subfield code="å">40</marcx:subfield><marcx:subfield code="y">0</marcx:subfield><marcx:subfield code="a">I've got you under my skin</marcx:subfield><marcx:subfield code="a">Goody, goody</marcx:subfield><marcx:subfield code="a">Around the world</marcx:subfield><marcx:subfield code="a">Moon river</marcx:subfield><marcx:subfield code="a">3 times a lady</marcx:subfield></marcx:datafield><marcx:datafield tag="996" ind1="0" ind2="0"><marcx:subfield code="a">714700</marcx:subfield></marcx:datafield></marcx:record>