
<marcx:record format="danMARC2" type="Bibliographic" xmlns:marcx="info:lc/xmlns/marcxchange-v1"><marcx:leader>00000n    2200000   4500</marcx:leader><marcx:datafield tag="001" ind1="0" ind2="0"><marcx:subfield code="a">20692448</marcx:subfield><marcx:subfield code="b">191919</marcx:subfield><marcx:subfield code="c">20110223145448</marcx:subfield><marcx:subfield code="d">19940826</marcx:subfield><marcx:subfield code="f">a</marcx:subfield><marcx:subfield code="o">c</marcx:subfield></marcx:datafield><marcx:datafield tag="004" ind1="0" ind2="0"><marcx:subfield code="r">n</marcx:subfield><marcx:subfield code="a">e</marcx:subfield></marcx:datafield><marcx:datafield tag="008" ind1="0" ind2="0"><marcx:subfield code="t">m</marcx:subfield><marcx:subfield code="u">f</marcx:subfield><marcx:subfield code="a">1994</marcx:subfield><marcx:subfield code="b">dk</marcx:subfield><marcx:subfield code="d">y</marcx:subfield><marcx:subfield code="e">1</marcx:subfield><marcx:subfield code="l">dan</marcx:subfield><marcx:subfield code="v">0</marcx:subfield></marcx:datafield><marcx:datafield tag="009" ind1="0" ind2="0"><marcx:subfield code="a">a</marcx:subfield><marcx:subfield code="g">xx</marcx:subfield></marcx:datafield><marcx:datafield tag="021" ind1="0" ind2="0"><marcx:subfield code="a">87-7772-153-5</marcx:subfield><marcx:subfield code="c">hf.</marcx:subfield><marcx:subfield code="d">kr. 100,00 net.</marcx:subfield></marcx:datafield><marcx:datafield tag="032" ind1="0" ind2="0"><marcx:subfield code="a">DBF199438</marcx:subfield><marcx:subfield code="x">DAT201109</marcx:subfield></marcx:datafield><marcx:datafield tag="100" ind1="0" ind2="0"><marcx:subfield code="a">Skovgꜳrd Jensen</marcx:subfield><marcx:subfield code="h">Henning</marcx:subfield></marcx:datafield><marcx:datafield tag="245" ind1="0" ind2="0"><marcx:subfield code="a">Næringssaltudveksling mellem sediment og vand i Hjarbæk Fjord efter etablering af saltvandstilstand i 1991</marcx:subfield><marcx:subfield code="e">Henning S. Jensen, Peter A. Sampou, Marianne Holmer</marcx:subfield><marcx:subfield code="f">tegninger: Kathe Møgelvang og Henning S. Jensen</marcx:subfield></marcx:datafield><marcx:datafield tag="260" ind1="0" ind2="0"><marcx:subfield code="a">[Roskilde]</marcx:subfield><marcx:subfield code="b">Miljøministeriet, Danmarks Miljøundersøgelser</marcx:subfield><marcx:subfield code="f">Silkeborg</marcx:subfield><marcx:subfield code="g">købes hos: Danmarks Miljøundersøgelser, Afd. for Ferskvandsøkologi</marcx:subfield><marcx:subfield code="c">1994</marcx:subfield><marcx:subfield code="k">Silkeborg Bogtr.</marcx:subfield></marcx:datafield><marcx:datafield tag="300" ind1="0" ind2="0"><marcx:subfield code="a">51 sider</marcx:subfield><marcx:subfield code="b">ill.</marcx:subfield><marcx:subfield code="c">30 cm</marcx:subfield></marcx:datafield><marcx:datafield tag="440" ind1="0" ind2="0"><marcx:subfield code="0"/><marcx:subfield code="a">Faglig rapport fra DMU</marcx:subfield><marcx:subfield code="z">0905-815X</marcx:subfield><marcx:subfield code="v">nr. 107</marcx:subfield></marcx:datafield><marcx:datafield tag="532" ind1="0" ind2="0"><marcx:subfield code="&amp;">1</marcx:subfield><marcx:subfield code="a">Referencer: side 49-50</marcx:subfield></marcx:datafield><marcx:datafield tag="652" ind1="0" ind2="0"><marcx:subfield code="m">55.9</marcx:subfield></marcx:datafield><marcx:datafield tag="700" ind1="0" ind2="0"><marcx:subfield code="a">Sampou</marcx:subfield><marcx:subfield code="h">Peter A.</marcx:subfield></marcx:datafield><marcx:datafield tag="700" ind1="0" ind2="0"><marcx:subfield code="a">Holmer</marcx:subfield><marcx:subfield code="h">Marianne</marcx:subfield><marcx:subfield code="c">f. 1964</marcx:subfield></marcx:datafield><marcx:datafield tag="710" ind1="0" ind2="0"><marcx:subfield code="å">9</marcx:subfield><marcx:subfield code="c">Danmarks Miljøundersøgelser</marcx:subfield></marcx:datafield><marcx:datafield tag="900" ind1="0" ind2="0"><marcx:subfield code="a">Jensen</marcx:subfield><marcx:subfield code="h">Henning Skovgꜳrd</marcx:subfield><marcx:subfield code="z">100</marcx:subfield></marcx:datafield><marcx:datafield tag="900" ind1="0" ind2="0"><marcx:subfield code="a">Jensen</marcx:subfield><marcx:subfield code="h">Henning S.</marcx:subfield><marcx:subfield code="c">f. 1954</marcx:subfield><marcx:subfield code="z">100</marcx:subfield></marcx:datafield><marcx:datafield tag="910" ind1="0" ind2="0"><marcx:subfield code="c">Miljøministeriet</marcx:subfield><marcx:subfield code="c">Danmarks Miljøundersøgelser</marcx:subfield><marcx:subfield code="z">710/9(c)</marcx:subfield></marcx:datafield><marcx:datafield tag="910" ind1="0" ind2="0"><marcx:subfield code="c">DMU</marcx:subfield><marcx:subfield code="z">710/9(c)</marcx:subfield></marcx:datafield><marcx:datafield tag="996" ind1="0" ind2="0"><marcx:subfield code="a">DBC</marcx:subfield></marcx:datafield></marcx:record>