
<marcx:record format="danMARC2" type="Bibliographic" xmlns:marcx="info:lc/xmlns/marcxchange-v1"><marcx:leader>00000n    2200000   4500</marcx:leader><marcx:datafield tag="001" ind1="0" ind2="0"><marcx:subfield code="a">20698349</marcx:subfield><marcx:subfield code="b">191919</marcx:subfield><marcx:subfield code="c">19960730</marcx:subfield><marcx:subfield code="d">19940902</marcx:subfield><marcx:subfield code="f">a</marcx:subfield><marcx:subfield code="o">c</marcx:subfield></marcx:datafield><marcx:datafield tag="004" ind1="0" ind2="0"><marcx:subfield code="r">n</marcx:subfield><marcx:subfield code="a">e</marcx:subfield></marcx:datafield><marcx:datafield tag="008" ind1="0" ind2="0"><marcx:subfield code="t">s</marcx:subfield><marcx:subfield code="u">f</marcx:subfield><marcx:subfield code="a">1994</marcx:subfield><marcx:subfield code="b">dk</marcx:subfield><marcx:subfield code="v">0</marcx:subfield></marcx:datafield><marcx:datafield tag="009" ind1="0" ind2="0"><marcx:subfield code="a">s</marcx:subfield><marcx:subfield code="g">xc</marcx:subfield></marcx:datafield><marcx:datafield tag="020" ind1="0" ind2="0"><marcx:subfield code="a">dk</marcx:subfield></marcx:datafield><marcx:datafield tag="021" ind1="0" ind2="0"><marcx:subfield code="d">kr. 79.50</marcx:subfield></marcx:datafield><marcx:datafield tag="032" ind1="0" ind2="0"><marcx:subfield code="x">SFG199437</marcx:subfield><marcx:subfield code="a">DMO199437</marcx:subfield><marcx:subfield code="x">DAT199633</marcx:subfield></marcx:datafield><marcx:datafield tag="039" ind1="0" ind2="0"><marcx:subfield code="a">kaa</marcx:subfield></marcx:datafield><marcx:datafield tag="245" ind1="0" ind2="0"><marcx:subfield code="a">Kammermusik konkurrence 1993</marcx:subfield><marcx:subfield code="i">producer: Andy Sundstrøm (Den Skandinaviske Guitarduo), Peter Hanke (Ensemble Nord), Niels Marthinsen (Tukutukahh)</marcx:subfield><marcx:subfield code="i">tekniker: Peter Bo Nielsen, Clemens Johansen (Tukutukahh)</marcx:subfield><marcx:subfield code="i">co-produktion mellem DR-P2 Musik og Dansk Musiker Forbund</marcx:subfield></marcx:datafield><marcx:datafield tag="260" ind1="0" ind2="0"><marcx:subfield code="b">DK</marcx:subfield><marcx:subfield code="c">[1994]</marcx:subfield></marcx:datafield><marcx:datafield tag="300" ind1="0" ind2="0"><marcx:subfield code="n">1 cd</marcx:subfield><marcx:subfield code="b">Digitaloptagelse</marcx:subfield></marcx:datafield><marcx:datafield tag="512" ind1="0" ind2="0"><marcx:subfield code="&amp;">1</marcx:subfield><marcx:subfield code="a">Indspillet i København og Århus 1993-1994</marcx:subfield></marcx:datafield><marcx:datafield tag="512" ind1="0" ind2="0"><marcx:subfield code="a">Indspillet i Radiohuset, København oktober 1993 (Ensemble Nord) og Januar 1994 (Den Skandinaviske Guitarduo) samt i Århus, januar 1994 (Tukutukahh)</marcx:subfield></marcx:datafield><marcx:datafield tag="531" ind1="0" ind2="0"><marcx:subfield code="a">Indhold:</marcx:subfield></marcx:datafield><marcx:datafield tag="538" ind1="0" ind2="0"><marcx:subfield code="f">DK</marcx:subfield><marcx:subfield code="g">DKCD 0394</marcx:subfield></marcx:datafield><marcx:datafield tag="652" ind1="0" ind2="0"><marcx:subfield code="m">78.42</marcx:subfield></marcx:datafield><marcx:datafield tag="652" ind1="0" ind2="0"><marcx:subfield code="å">11</marcx:subfield><marcx:subfield code="i">78.437</marcx:subfield></marcx:datafield><marcx:datafield tag="652" ind1="0" ind2="0"><marcx:subfield code="å">12</marcx:subfield><marcx:subfield code="i">78.437</marcx:subfield></marcx:datafield><marcx:datafield tag="652" ind1="0" ind2="0"><marcx:subfield code="å">13</marcx:subfield><marcx:subfield code="i">78.427</marcx:subfield><marcx:subfield code="v">6</marcx:subfield></marcx:datafield><marcx:datafield tag="652" ind1="0" ind2="0"><marcx:subfield code="å">14</marcx:subfield><marcx:subfield code="i">78.427</marcx:subfield><marcx:subfield code="v">6</marcx:subfield></marcx:datafield><marcx:datafield tag="652" ind1="0" ind2="0"><marcx:subfield code="å">15</marcx:subfield><marcx:subfield code="i">78.427</marcx:subfield><marcx:subfield code="v">6</marcx:subfield></marcx:datafield><marcx:datafield tag="652" ind1="0" ind2="0"><marcx:subfield code="å">16</marcx:subfield><marcx:subfield code="i">78.429</marcx:subfield><marcx:subfield code="v">5</marcx:subfield></marcx:datafield><marcx:datafield tag="700" ind1="0" ind2="0"><marcx:subfield code="a">Sundstrøm</marcx:subfield><marcx:subfield code="h">Andy</marcx:subfield></marcx:datafield><marcx:datafield tag="700" ind1="0" ind2="0"><marcx:subfield code="a">Hanke</marcx:subfield><marcx:subfield code="h">Peter</marcx:subfield></marcx:datafield><marcx:datafield tag="700" ind1="0" ind2="0"><marcx:subfield code="a">Nielsen</marcx:subfield><marcx:subfield code="h">Peter Bo</marcx:subfield></marcx:datafield><marcx:datafield tag="700" ind1="0" ind2="0"><marcx:subfield code="a">Marthinsen</marcx:subfield><marcx:subfield code="h">Niels</marcx:subfield><marcx:subfield code="c">f. 1963</marcx:subfield></marcx:datafield><marcx:datafield tag="700" ind1="0" ind2="0"><marcx:subfield code="a">Johansen</marcx:subfield><marcx:subfield code="h">Clemens</marcx:subfield></marcx:datafield><marcx:datafield tag="700" ind1="0" ind2="0"><marcx:subfield code="a">Sivebæk</marcx:subfield><marcx:subfield code="h">Jesper</marcx:subfield></marcx:datafield><marcx:datafield tag="700" ind1="0" ind2="0"><marcx:subfield code="a">Pålsson</marcx:subfield><marcx:subfield code="h">Per</marcx:subfield></marcx:datafield><marcx:datafield tag="700" ind1="0" ind2="0"><marcx:subfield code="a">Skriver</marcx:subfield><marcx:subfield code="h">Karen</marcx:subfield></marcx:datafield><marcx:datafield tag="700" ind1="0" ind2="0"><marcx:subfield code="a">Lindegꜳrd</marcx:subfield><marcx:subfield code="h">Peter</marcx:subfield></marcx:datafield><marcx:datafield tag="700" ind1="0" ind2="0"><marcx:subfield code="å">110</marcx:subfield><marcx:subfield code="a">Kollavik-Jensen</marcx:subfield><marcx:subfield code="h">Curt</marcx:subfield></marcx:datafield><marcx:datafield tag="700" ind1="0" ind2="0"><marcx:subfield code="a">Andersen</marcx:subfield><marcx:subfield code="h">Otto</marcx:subfield></marcx:datafield><marcx:datafield tag="700" ind1="0" ind2="0"><marcx:subfield code="a">Birch</marcx:subfield><marcx:subfield code="h">Sven</marcx:subfield></marcx:datafield><marcx:datafield tag="700" ind1="0" ind2="0"><marcx:subfield code="å">113</marcx:subfield><marcx:subfield code="a">Folke Pedersen</marcx:subfield><marcx:subfield code="h">Torsten</marcx:subfield></marcx:datafield><marcx:datafield tag="700" ind1="0" ind2="0"><marcx:subfield code="a">Østergꜳrd</marcx:subfield><marcx:subfield code="h">Eva</marcx:subfield></marcx:datafield><marcx:datafield tag="700" ind1="0" ind2="0"><marcx:subfield code="a">Hansen</marcx:subfield><marcx:subfield code="h">Frans</marcx:subfield><marcx:subfield code="c">f. 1955</marcx:subfield></marcx:datafield><marcx:datafield tag="700" ind1="0" ind2="0"><marcx:subfield code="a">Termansen</marcx:subfield><marcx:subfield code="h">Henrik</marcx:subfield></marcx:datafield><marcx:datafield tag="700" ind1="0" ind2="0"><marcx:subfield code="a">Bendsen</marcx:subfield><marcx:subfield code="h">Mads</marcx:subfield></marcx:datafield><marcx:datafield tag="700" ind1="0" ind2="0"><marcx:subfield code="a">Svenning</marcx:subfield><marcx:subfield code="h">Henrik</marcx:subfield></marcx:datafield><marcx:datafield tag="710" ind1="0" ind2="0"><marcx:subfield code="a">Den ¤Skandinaviske Guitarduo</marcx:subfield></marcx:datafield><marcx:datafield tag="710" ind1="0" ind2="0"><marcx:subfield code="a">Ensemble Nord</marcx:subfield></marcx:datafield><marcx:datafield tag="710" ind1="0" ind2="0"><marcx:subfield code="a">Tukutukahh</marcx:subfield></marcx:datafield><marcx:datafield tag="770" ind1="0" ind2="0"><marcx:subfield code="å">11</marcx:subfield><marcx:subfield code="a">Rodrigo</marcx:subfield><marcx:subfield code="h">Joaquín</marcx:subfield></marcx:datafield><marcx:datafield tag="770" ind1="0" ind2="0"><marcx:subfield code="å">12</marcx:subfield><marcx:subfield code="a">Frandsen</marcx:subfield><marcx:subfield code="h">John</marcx:subfield><marcx:subfield code="c">f. 1956</marcx:subfield></marcx:datafield><marcx:datafield tag="770" ind1="0" ind2="0"><marcx:subfield code="å">13</marcx:subfield><marcx:subfield code="a">Bentzon</marcx:subfield><marcx:subfield code="h">Niels Viggo</marcx:subfield></marcx:datafield><marcx:datafield tag="770" ind1="0" ind2="0"><marcx:subfield code="å">14</marcx:subfield><marcx:subfield code="a">Koppel</marcx:subfield><marcx:subfield code="h">Herman D.</marcx:subfield></marcx:datafield><marcx:datafield tag="770" ind1="0" ind2="0"><marcx:subfield code="å">15</marcx:subfield><marcx:subfield code="a">Bach</marcx:subfield><marcx:subfield code="h">Erik</marcx:subfield><marcx:subfield code="c">f. 1946</marcx:subfield></marcx:datafield><marcx:datafield tag="770" ind1="0" ind2="0"><marcx:subfield code="å">16</marcx:subfield><marcx:subfield code="a">Jolivet</marcx:subfield><marcx:subfield code="h">André</marcx:subfield></marcx:datafield><marcx:datafield tag="795" ind1="0" ind2="0"><marcx:subfield code="å">11</marcx:subfield><marcx:subfield code="a">Tonadilla</marcx:subfield><marcx:subfield code="l">12:37 min</marcx:subfield><marcx:subfield code="j">Den Skandinaviske Guitarduo</marcx:subfield><marcx:subfield code="i">Den Skandinaviske Guitarduo (Jesper Sivebæk og Per Pålsson, guitar)</marcx:subfield></marcx:datafield><marcx:datafield tag="795" ind1="0" ind2="0"><marcx:subfield code="å">12</marcx:subfield><marcx:subfield code="a">Twilight</marcx:subfield><marcx:subfield code="l">8:43 min</marcx:subfield><marcx:subfield code="j">Den Skandinaviske Guitarduo</marcx:subfield><marcx:subfield code="i">Den Skandinaviske Guitarduo (Jesper Sivebæk og Per Pålsson, guitar)</marcx:subfield></marcx:datafield><marcx:datafield tag="795" ind1="0" ind2="0"><marcx:subfield code="å">13</marcx:subfield><marcx:subfield code="a">Pyramide</marcx:subfield><marcx:subfield code="l">5:30 min</marcx:subfield><marcx:subfield code="j">Ensemble Nord</marcx:subfield><marcx:subfield code="i">Ensemble Nord (Karen Skriver, fløjte ; Peter Lindegꜳrd, klarinet ; Otto Andersen, violoncel ; Curt Kollavik-Jensen, guitar ; Sven Birch, klaver ; Torsten Folke Pedersen, slagtøj)</marcx:subfield></marcx:datafield><marcx:datafield tag="795" ind1="0" ind2="0"><marcx:subfield code="å">14</marcx:subfield><marcx:subfield code="a">Giocattolo</marcx:subfield><marcx:subfield code="l">2:28 min</marcx:subfield><marcx:subfield code="j">Ensemble Nord</marcx:subfield><marcx:subfield code="i">Ensemble Nord (Karen Skriver, fløjte ; Peter Lindegꜳrd, klarinet ; Otto Andersen, violoncel ; Curt Kollavik-Jensen, guitar ; Sven Birch, klaver ; Torsten Folke Pedersen, slagtøj)</marcx:subfield></marcx:datafield><marcx:datafield tag="795" ind1="0" ind2="0"><marcx:subfield code="å">15</marcx:subfield><marcx:subfield code="a">Souvenir de Défense</marcx:subfield><marcx:subfield code="l">10:00 min</marcx:subfield><marcx:subfield code="j">Ensemble Nord</marcx:subfield><marcx:subfield code="i">Ensemble Nord (Karen Skriver, fløjte ; Peter Lindegꜳrd, klarinet ; Otto Andersen, violoncel ; Curt Kollavik-Jensen, guitar ; Sven Birch, klaver ; Torsten Folke Pedersen, slagtøj)</marcx:subfield></marcx:datafield><marcx:datafield tag="795" ind1="0" ind2="0"><marcx:subfield code="å">16</marcx:subfield><marcx:subfield code="a">Suite en concert</marcx:subfield><marcx:subfield code="l">17:01 min</marcx:subfield><marcx:subfield code="j">Tukutukahh</marcx:subfield><marcx:subfield code="i">Ensemblet Tukutukahh (Eva Østergꜳrd, fløjte ; Frans Hansen, Henrik Termansen, Mads Bendsen og Henrik Svenning, slagtøj)</marcx:subfield></marcx:datafield><marcx:datafield tag="900" ind1="0" ind2="0"><marcx:subfield code="a">Jensen</marcx:subfield><marcx:subfield code="h">Curt Kollavik-</marcx:subfield><marcx:subfield code="z">700/110</marcx:subfield></marcx:datafield><marcx:datafield tag="900" ind1="0" ind2="0"><marcx:subfield code="a">Pedersen</marcx:subfield><marcx:subfield code="h">Torsten Folke</marcx:subfield><marcx:subfield code="z">700/113</marcx:subfield></marcx:datafield><marcx:datafield tag="996" ind1="0" ind2="0"><marcx:subfield code="a">DBC</marcx:subfield></marcx:datafield></marcx:record>