
<marcx:record format="danMARC2" type="Bibliographic" xmlns:marcx="info:lc/xmlns/marcxchange-v1"><marcx:leader>00000n    2200000   4500</marcx:leader><marcx:datafield tag="001" ind1="0" ind2="0"><marcx:subfield code="a">25798805</marcx:subfield><marcx:subfield code="b">191919</marcx:subfield><marcx:subfield code="c">20050617131308</marcx:subfield><marcx:subfield code="d">20050617</marcx:subfield><marcx:subfield code="f">a</marcx:subfield></marcx:datafield><marcx:datafield tag="004" ind1="0" ind2="0"><marcx:subfield code="r">n</marcx:subfield><marcx:subfield code="a">e</marcx:subfield></marcx:datafield><marcx:datafield tag="008" ind1="0" ind2="0"><marcx:subfield code="t">m</marcx:subfield><marcx:subfield code="u">f</marcx:subfield><marcx:subfield code="a">200?</marcx:subfield><marcx:subfield code="b">eg</marcx:subfield><marcx:subfield code="l">ara</marcx:subfield><marcx:subfield code="v">0</marcx:subfield></marcx:datafield><marcx:datafield tag="009" ind1="0" ind2="0"><marcx:subfield code="a">m</marcx:subfield><marcx:subfield code="g">th</marcx:subfield></marcx:datafield><marcx:datafield tag="245" ind1="0" ind2="0"><marcx:subfield code="a">al-¤Ākhar</marcx:subfield><marcx:subfield code="e">instruktør: Yūsuf Shāhı̄n</marcx:subfield><marcx:subfield code="e">musik: Fārūq al-Sharnūbı̄, Muḥammad al-Mawjı̄, Yiḥyā al-Mawjı̄</marcx:subfield><marcx:subfield code="e">sang: Majidah al-Rūmı̄, Hānı̄ Salāmah</marcx:subfield></marcx:datafield><marcx:datafield tag="260" ind1="0" ind2="0"><marcx:subfield code="a">Kairo</marcx:subfield><marcx:subfield code="b">al-Sabkı̄ Video Film</marcx:subfield><marcx:subfield code="c">[200?]</marcx:subfield></marcx:datafield><marcx:datafield tag="300" ind1="0" ind2="0"><marcx:subfield code="n">2 dvd-video</marcx:subfield><marcx:subfield code="l">120 min.</marcx:subfield></marcx:datafield><marcx:datafield tag="504" ind1="0" ind2="0"><marcx:subfield code="a">Egyptisk spillefilm om globalisering og fundamentalisme</marcx:subfield></marcx:datafield><marcx:datafield tag="508" ind1="0" ind2="0"><marcx:subfield code="a">Arabisk tale</marcx:subfield></marcx:datafield><marcx:datafield tag="512" ind1="0" ind2="0"><marcx:subfield code="i">Medvirkende</marcx:subfield><marcx:subfield code="e">Nabı̄lah ʻUbayd, Maḥmūd Ḥamı̄dah, Liblibah, Ḥanān Turk, Hānı̄ Salāmah, ʻIzzat Abū ʻAwf, Ḥasan ʻAbd al-Ḥamı̄d, Aṃad Fu'ād Salı̄m, ʻAmrū Saʻd, Aḥmad Tawfı̄q ... et al.</marcx:subfield></marcx:datafield><marcx:datafield tag="652" ind1="0" ind2="0"><marcx:subfield code="m">77.7</marcx:subfield></marcx:datafield><marcx:datafield tag="700" ind1="0" ind2="0"><marcx:subfield code="a">Shāhı̄n</marcx:subfield><marcx:subfield code="h">Yūsuf</marcx:subfield></marcx:datafield><marcx:datafield tag="700" ind1="0" ind2="0"><marcx:subfield code="a">al-¤Sharnūbı̄</marcx:subfield><marcx:subfield code="h">F5marūq</marcx:subfield></marcx:datafield><marcx:datafield tag="700" ind1="0" ind2="0"><marcx:subfield code="a">al-¤Mawjı̄</marcx:subfield><marcx:subfield code="h">Muḥammad</marcx:subfield></marcx:datafield><marcx:datafield tag="700" ind1="0" ind2="0"><marcx:subfield code="a">al-¤Mawjı̄</marcx:subfield><marcx:subfield code="h">Yiḥyā</marcx:subfield></marcx:datafield><marcx:datafield tag="700" ind1="0" ind2="0"><marcx:subfield code="a">al-¤Rūmı̄</marcx:subfield><marcx:subfield code="h">Mājidah</marcx:subfield></marcx:datafield><marcx:datafield tag="700" ind1="0" ind2="0"><marcx:subfield code="a">Salāmah</marcx:subfield><marcx:subfield code="h">Hānı̄</marcx:subfield></marcx:datafield><marcx:datafield tag="996" ind1="0" ind2="0"><marcx:subfield code="a">700300</marcx:subfield></marcx:datafield></marcx:record>