
<marcx:record format="danMARC2" type="Bibliographic" xmlns:marcx="info:lc/xmlns/marcxchange-v1"><marcx:leader>00000n    2200000   4500</marcx:leader><marcx:datafield tag="001" ind1="0" ind2="0"><marcx:subfield code="a">22369768</marcx:subfield><marcx:subfield code="b">191919</marcx:subfield><marcx:subfield code="c">20140521100749</marcx:subfield><marcx:subfield code="d">19990211</marcx:subfield><marcx:subfield code="f">a</marcx:subfield></marcx:datafield><marcx:datafield tag="004" ind1="0" ind2="0"><marcx:subfield code="r">n</marcx:subfield><marcx:subfield code="a">e</marcx:subfield></marcx:datafield><marcx:datafield tag="008" ind1="0" ind2="0"><marcx:subfield code="t">m</marcx:subfield><marcx:subfield code="u">f</marcx:subfield><marcx:subfield code="a">1998</marcx:subfield><marcx:subfield code="b">dk</marcx:subfield><marcx:subfield code="v">4</marcx:subfield></marcx:datafield><marcx:datafield tag="009" ind1="0" ind2="0"><marcx:subfield code="a">p</marcx:subfield><marcx:subfield code="b">c</marcx:subfield><marcx:subfield code="g">xx</marcx:subfield></marcx:datafield><marcx:datafield tag="021" ind1="0" ind2="0"><marcx:subfield code="d">priskode B</marcx:subfield></marcx:datafield><marcx:datafield tag="032" ind1="0" ind2="0"><marcx:subfield code="x">STB002000</marcx:subfield></marcx:datafield><marcx:datafield tag="100" ind1="0" ind2="0"><marcx:subfield code="a">Mozart</marcx:subfield><marcx:subfield code="h">Wolfgang Amadeus</marcx:subfield></marcx:datafield><marcx:datafield tag="239" ind1="0" ind2="0"><marcx:subfield code="t">Sonate for klaver nr. 1, C-dur, Köchel 279</marcx:subfield></marcx:datafield><marcx:datafield tag="245" ind1="0" ind2="0"><marcx:subfield code="a">Sonate 1, C-dur, KV 279</marcx:subfield><marcx:subfield code="e">Wolfgang Amadeus Mozart</marcx:subfield></marcx:datafield><marcx:datafield tag="260" ind1="0" ind2="0"><marcx:subfield code="a">København</marcx:subfield><marcx:subfield code="b">Danmarks Blindebibliotek</marcx:subfield><marcx:subfield code="c">1998</marcx:subfield></marcx:datafield><marcx:datafield tag="300" ind1="0" ind2="0"><marcx:subfield code="a">I, 20 sider</marcx:subfield></marcx:datafield><marcx:datafield tag="322" ind1="0" ind2="0"><marcx:subfield code="a">EDB</marcx:subfield></marcx:datafield><marcx:datafield tag="509" ind1="0" ind2="0"><marcx:subfield code="a">For klaver</marcx:subfield></marcx:datafield><marcx:datafield tag="520" ind1="0" ind2="0"><marcx:subfield code="a">Overført efter udgaven: München : Henle, cop. 1977.</marcx:subfield></marcx:datafield><marcx:datafield tag="538" ind1="0" ind2="0"><marcx:subfield code="i">Best.nr.</marcx:subfield><marcx:subfield code="a">398021</marcx:subfield></marcx:datafield><marcx:datafield tag="652" ind1="0" ind2="0"><marcx:subfield code="m">78.53</marcx:subfield></marcx:datafield><marcx:datafield tag="996" ind1="0" ind2="0"><marcx:subfield code="a">DBC</marcx:subfield></marcx:datafield></marcx:record>