
<marcx:record format="danMARC2" type="Bibliographic" xmlns:marcx="info:lc/xmlns/marcxchange-v1"><marcx:leader>00000n    2200000   4500</marcx:leader><marcx:datafield tag="001" ind1="0" ind2="0"><marcx:subfield code="a">22369032</marcx:subfield><marcx:subfield code="b">191919</marcx:subfield><marcx:subfield code="c">19990212143523</marcx:subfield><marcx:subfield code="d">19990210</marcx:subfield><marcx:subfield code="f">a</marcx:subfield></marcx:datafield><marcx:datafield tag="004" ind1="0" ind2="0"><marcx:subfield code="r">n</marcx:subfield><marcx:subfield code="a">e</marcx:subfield></marcx:datafield><marcx:datafield tag="008" ind1="0" ind2="0"><marcx:subfield code="t">m</marcx:subfield><marcx:subfield code="u">f</marcx:subfield><marcx:subfield code="a">1998</marcx:subfield><marcx:subfield code="b">dk</marcx:subfield><marcx:subfield code="l">dan</marcx:subfield><marcx:subfield code="d">å</marcx:subfield><marcx:subfield code="v">0</marcx:subfield></marcx:datafield><marcx:datafield tag="009" ind1="0" ind2="0"><marcx:subfield code="a">a</marcx:subfield><marcx:subfield code="g">xx</marcx:subfield></marcx:datafield><marcx:datafield tag="021" ind1="0" ind2="0"><marcx:subfield code="a">87-7811-015-7</marcx:subfield><marcx:subfield code="c">hf.</marcx:subfield><marcx:subfield code="d">kr. 15,00 net.</marcx:subfield></marcx:datafield><marcx:datafield tag="032" ind1="0" ind2="0"><marcx:subfield code="a">DBF199909</marcx:subfield></marcx:datafield><marcx:datafield tag="245" ind1="0" ind2="0"><marcx:subfield code="a">Guide om behandling af sager om bilstøtte</marcx:subfield></marcx:datafield><marcx:datafield tag="260" ind1="0" ind2="0"><marcx:subfield code="a">Kbh.</marcx:subfield><marcx:subfield code="d">Amaliegade 25, 1021 K</marcx:subfield><marcx:subfield code="b">Den Sociale Ankestyrelse</marcx:subfield><marcx:subfield code="c">1998</marcx:subfield><marcx:subfield code="k">Centraltrykkeriet Skive</marcx:subfield></marcx:datafield><marcx:datafield tag="300" ind1="0" ind2="0"><marcx:subfield code="a">27 sider</marcx:subfield></marcx:datafield><marcx:datafield tag="652" ind1="0" ind2="0"><marcx:subfield code="m">38.7</marcx:subfield></marcx:datafield><marcx:datafield tag="710" ind1="0" ind2="0"><marcx:subfield code="a">Den ¤Sociale Ankestyrelse</marcx:subfield></marcx:datafield><marcx:datafield tag="910" ind1="0" ind2="0"><marcx:subfield code="a">Ankestyrelsen</marcx:subfield><marcx:subfield code="z">710</marcx:subfield></marcx:datafield><marcx:datafield tag="996" ind1="0" ind2="0"><marcx:subfield code="a">DBC</marcx:subfield></marcx:datafield></marcx:record>