
<marcx:record format="danMARC2" type="Bibliographic" xmlns:marcx="info:lc/xmlns/marcxchange-v1"><marcx:leader>00000n    2200000   4500</marcx:leader><marcx:datafield tag="001" ind1="0" ind2="0"><marcx:subfield code="a">22367811</marcx:subfield><marcx:subfield code="b">191919</marcx:subfield><marcx:subfield code="c">19990518030124</marcx:subfield><marcx:subfield code="d">19990209</marcx:subfield><marcx:subfield code="f">a</marcx:subfield></marcx:datafield><marcx:datafield tag="004" ind1="0" ind2="0"><marcx:subfield code="r">n</marcx:subfield><marcx:subfield code="a">e</marcx:subfield></marcx:datafield><marcx:datafield tag="008" ind1="0" ind2="0"><marcx:subfield code="t">s</marcx:subfield><marcx:subfield code="u">f</marcx:subfield><marcx:subfield code="a">1998</marcx:subfield><marcx:subfield code="b">dk</marcx:subfield><marcx:subfield code="l">dan</marcx:subfield><marcx:subfield code="v">0</marcx:subfield></marcx:datafield><marcx:datafield tag="009" ind1="0" ind2="0"><marcx:subfield code="a">a</marcx:subfield><marcx:subfield code="g">xx</marcx:subfield></marcx:datafield><marcx:datafield tag="021" ind1="0" ind2="0"><marcx:subfield code="a">87-87882-42-6</marcx:subfield><marcx:subfield code="c">hf.</marcx:subfield><marcx:subfield code="d">kr. 70,00</marcx:subfield></marcx:datafield><marcx:datafield tag="032" ind1="0" ind2="0"><marcx:subfield code="a">DBF199909</marcx:subfield><marcx:subfield code="x">BØK199902</marcx:subfield><marcx:subfield code="x">SKO200001</marcx:subfield><marcx:subfield code="x">SFD199909</marcx:subfield></marcx:datafield><marcx:datafield tag="100" ind1="0" ind2="0"><marcx:subfield code="0"/><marcx:subfield code="a">Kabel</marcx:subfield><marcx:subfield code="h">Steen</marcx:subfield></marcx:datafield><marcx:datafield tag="245" ind1="0" ind2="0"><marcx:subfield code="a">Kultur med barnet i centrum</marcx:subfield><marcx:subfield code="c">brikker til et værdisæt for arbejdet med børn og kultur</marcx:subfield><marcx:subfield code="e">af Steen Kabel</marcx:subfield><marcx:subfield code="f">redaktionsudvalg: Bente Buchhave, Tage Høyer og Jan Helmer-Petersen</marcx:subfield><marcx:subfield code="f">illustrationer: Bruno Kjær</marcx:subfield><marcx:subfield code="f">foto: Anders Bach, Dorte Foght og Gitte Lotinga</marcx:subfield></marcx:datafield><marcx:datafield tag="260" ind1="0" ind2="0"><marcx:subfield code="&amp;">1</marcx:subfield><marcx:subfield code="a">Kbh.</marcx:subfield><marcx:subfield code="b">Kulturens Børn</marcx:subfield><marcx:subfield code="g">[eksp. Nordisk Bog Center]</marcx:subfield><marcx:subfield code="c">1998</marcx:subfield><marcx:subfield code="k">Special-Trykkeriet Viborg</marcx:subfield></marcx:datafield><marcx:datafield tag="300" ind1="0" ind2="0"><marcx:subfield code="a">94 sider</marcx:subfield><marcx:subfield code="b">ill.</marcx:subfield></marcx:datafield><marcx:datafield tag="652" ind1="0" ind2="0"><marcx:subfield code="m">37.8</marcx:subfield></marcx:datafield><marcx:datafield tag="666" ind1="0" ind2="0"><marcx:subfield code="f">børn</marcx:subfield></marcx:datafield><marcx:datafield tag="666" ind1="0" ind2="0"><marcx:subfield code="f">unge</marcx:subfield></marcx:datafield><marcx:datafield tag="666" ind1="0" ind2="0"><marcx:subfield code="f">børnekultur</marcx:subfield></marcx:datafield><marcx:datafield tag="666" ind1="0" ind2="0"><marcx:subfield code="f">kulturpolitik</marcx:subfield></marcx:datafield><marcx:datafield tag="710" ind1="0" ind2="0"><marcx:subfield code="c">Kulturens Børn</marcx:subfield><marcx:subfield code="e">udvalg</marcx:subfield></marcx:datafield><marcx:datafield tag="910" ind1="0" ind2="0"><marcx:subfield code="c">Kulturministeriets Udvalg om Børn, Unge og Kultur</marcx:subfield><marcx:subfield code="z">710</marcx:subfield></marcx:datafield><marcx:datafield tag="990" ind1="0" ind2="0"><marcx:subfield code="a">SFD</marcx:subfield><marcx:subfield code="b">S</marcx:subfield><marcx:subfield code="b">B</marcx:subfield><marcx:subfield code="c">A</marcx:subfield><marcx:subfield code="o">199909</marcx:subfield></marcx:datafield><marcx:datafield tag="996" ind1="0" ind2="0"><marcx:subfield code="a">DBC</marcx:subfield></marcx:datafield></marcx:record>