
<marcx:record format="danMARC2" type="Bibliographic" xmlns:marcx="info:lc/xmlns/marcxchange-v1"><marcx:leader>00000n    2200000   4500</marcx:leader><marcx:datafield tag="001" ind1="0" ind2="0"><marcx:subfield code="a">42012424</marcx:subfield><marcx:subfield code="b">191919</marcx:subfield><marcx:subfield code="c">19990722155159</marcx:subfield><marcx:subfield code="d">19981127</marcx:subfield><marcx:subfield code="f">a</marcx:subfield><marcx:subfield code="o">c</marcx:subfield></marcx:datafield><marcx:datafield tag="002" ind1="0" ind2="0"><marcx:subfield code="b">710100</marcx:subfield><marcx:subfield code="c">90703056</marcx:subfield><marcx:subfield code="x">71010090703056</marcx:subfield></marcx:datafield><marcx:datafield tag="004" ind1="0" ind2="0"><marcx:subfield code="r">n</marcx:subfield><marcx:subfield code="a">e</marcx:subfield></marcx:datafield><marcx:datafield tag="008" ind1="0" ind2="0"><marcx:subfield code="t">m</marcx:subfield><marcx:subfield code="u">r</marcx:subfield><marcx:subfield code="a">1996</marcx:subfield><marcx:subfield code="z">1997</marcx:subfield><marcx:subfield code="b">de</marcx:subfield><marcx:subfield code="j">f</marcx:subfield><marcx:subfield code="l">ger</marcx:subfield><marcx:subfield code="v">0</marcx:subfield></marcx:datafield><marcx:datafield tag="009" ind1="0" ind2="0"><marcx:subfield code="a">a</marcx:subfield><marcx:subfield code="g">xx</marcx:subfield></marcx:datafield><marcx:datafield tag="021" ind1="0" ind2="0"><marcx:subfield code="a">3-518-39147-X</marcx:subfield></marcx:datafield><marcx:datafield tag="100" ind1="0" ind2="0"><marcx:subfield code="a">Frisch</marcx:subfield><marcx:subfield code="h">Max</marcx:subfield></marcx:datafield><marcx:datafield tag="245" ind1="0" ind2="0"><marcx:subfield code="a">Stiller</marcx:subfield><marcx:subfield code="c">Roman</marcx:subfield><marcx:subfield code="e">Max Frisch</marcx:subfield></marcx:datafield><marcx:datafield tag="250" ind1="0" ind2="0"><marcx:subfield code="a">[Neue Ausgabe]</marcx:subfield><marcx:subfield code="x">2. Auflage</marcx:subfield><marcx:subfield code="b">Suhrkamp, Neue Ausgabe 1996</marcx:subfield></marcx:datafield><marcx:datafield tag="260" ind1="0" ind2="0"><marcx:subfield code="a">Frankfurt am Main</marcx:subfield><marcx:subfield code="b">Suhrkamp</marcx:subfield><marcx:subfield code="c">1996</marcx:subfield></marcx:datafield><marcx:datafield tag="300" ind1="0" ind2="0"><marcx:subfield code="a">426 sider</marcx:subfield></marcx:datafield><marcx:datafield tag="440" ind1="0" ind2="0"><marcx:subfield code="a">Suhrkamp Taschenbuch</marcx:subfield><marcx:subfield code="v">2647</marcx:subfield></marcx:datafield><marcx:datafield tag="504" ind1="0" ind2="0"><marcx:subfield code="a">Om billedhuggeren Stillers og hans ven anklagerens mislykkede ægteskaber og om Stillers problemer med at finde sig selv</marcx:subfield></marcx:datafield><marcx:datafield tag="520" ind1="0" ind2="0"><marcx:subfield code="a">Originaludgave: 1954</marcx:subfield></marcx:datafield><marcx:datafield tag="652" ind1="0" ind2="0"><marcx:subfield code="m">84</marcx:subfield></marcx:datafield><marcx:datafield tag="996" ind1="0" ind2="0"><marcx:subfield code="a">710100</marcx:subfield></marcx:datafield></marcx:record>