
<marcx:record format="danMARC2" type="Bibliographic" xmlns:marcx="info:lc/xmlns/marcxchange-v1"><marcx:leader>00000n    2200000   4500</marcx:leader><marcx:datafield tag="001" ind1="0" ind2="0"><marcx:subfield code="a">22371916</marcx:subfield><marcx:subfield code="b">191919</marcx:subfield><marcx:subfield code="c">20041110154248</marcx:subfield><marcx:subfield code="d">19990216</marcx:subfield><marcx:subfield code="f">a</marcx:subfield></marcx:datafield><marcx:datafield tag="004" ind1="0" ind2="0"><marcx:subfield code="r">n</marcx:subfield><marcx:subfield code="a">e</marcx:subfield></marcx:datafield><marcx:datafield tag="008" ind1="0" ind2="0"><marcx:subfield code="t">m</marcx:subfield><marcx:subfield code="u">u</marcx:subfield><marcx:subfield code="a">1999</marcx:subfield><marcx:subfield code="b">dk</marcx:subfield><marcx:subfield code="l">dan</marcx:subfield><marcx:subfield code="v">0</marcx:subfield></marcx:datafield><marcx:datafield tag="009" ind1="0" ind2="0"><marcx:subfield code="a">a</marcx:subfield><marcx:subfield code="g">xx</marcx:subfield></marcx:datafield><marcx:datafield tag="017" ind1="0" ind2="0"><marcx:subfield code="a">22182749</marcx:subfield></marcx:datafield><marcx:datafield tag="021" ind1="0" ind2="0"><marcx:subfield code="a">87-563-1005-6</marcx:subfield><marcx:subfield code="c">hf.</marcx:subfield><marcx:subfield code="d">kr. 200,00</marcx:subfield></marcx:datafield><marcx:datafield tag="032" ind1="0" ind2="0"><marcx:subfield code="a">DBF199910</marcx:subfield><marcx:subfield code="x">SFD199910</marcx:subfield></marcx:datafield><marcx:datafield tag="041" ind1="0" ind2="0"><marcx:subfield code="a">dan</marcx:subfield><marcx:subfield code="d">eng</marcx:subfield></marcx:datafield><marcx:datafield tag="044" ind1="0" ind2="0"><marcx:subfield code="a">E</marcx:subfield><marcx:subfield code="b">05d</marcx:subfield><marcx:subfield code="b">05e</marcx:subfield><marcx:subfield code="b">27b</marcx:subfield></marcx:datafield><marcx:datafield tag="245" ind1="0" ind2="0"><marcx:subfield code="a">Småhuse</marcx:subfield><marcx:subfield code="c">isolering, fugt, lyd, brand, ventilation, styrke</marcx:subfield><marcx:subfield code="f">illustrationer: Jørgen Heegꜳrd ... [et al.]</marcx:subfield></marcx:datafield><marcx:datafield tag="250" ind1="0" ind2="0"><marcx:subfield code="a">2. udgave</marcx:subfield></marcx:datafield><marcx:datafield tag="260" ind1="0" ind2="0"><marcx:subfield code="&amp;">1</marcx:subfield><marcx:subfield code="a">Hørsholm</marcx:subfield><marcx:subfield code="b">Statens Byggeforskningsinstitut</marcx:subfield><marcx:subfield code="c">1999</marcx:subfield><marcx:subfield code="k">Bonde's &amp; Dyva Grafisk</marcx:subfield></marcx:datafield><marcx:datafield tag="300" ind1="0" ind2="0"><marcx:subfield code="a">143 sider</marcx:subfield><marcx:subfield code="b">ill.</marcx:subfield></marcx:datafield><marcx:datafield tag="440" ind1="0" ind2="0"><marcx:subfield code="0"/><marcx:subfield code="a">SBI-anvisning</marcx:subfield><marcx:subfield code="z">0106-6757</marcx:subfield><marcx:subfield code="v">189</marcx:subfield></marcx:datafield><marcx:datafield tag="508" ind1="0" ind2="0"><marcx:subfield code="a">Med engelsk resumé</marcx:subfield></marcx:datafield><marcx:datafield tag="520" ind1="0" ind2="0"><marcx:subfield code="a">Tidligere: 1. udgave. 1998</marcx:subfield></marcx:datafield><marcx:datafield tag="521" ind1="0" ind2="0"><marcx:subfield code="&amp;">REX</marcx:subfield><marcx:subfield code="a">[1. oplag]</marcx:subfield><marcx:subfield code="c">1999</marcx:subfield></marcx:datafield><marcx:datafield tag="532" ind1="0" ind2="0"><marcx:subfield code="&amp;">1</marcx:subfield><marcx:subfield code="a">Med litteraturhenvisninger</marcx:subfield></marcx:datafield><marcx:datafield tag="652" ind1="0" ind2="0"><marcx:subfield code="m">69.2</marcx:subfield></marcx:datafield><marcx:datafield tag="666" ind1="0" ind2="0"><marcx:subfield code="0"/><marcx:subfield code="f">huse</marcx:subfield></marcx:datafield><marcx:datafield tag="666" ind1="0" ind2="0"><marcx:subfield code="0"/><marcx:subfield code="f">småhuse</marcx:subfield></marcx:datafield><marcx:datafield tag="666" ind1="0" ind2="0"><marcx:subfield code="0"/><marcx:subfield code="f">husbygning</marcx:subfield></marcx:datafield><marcx:datafield tag="666" ind1="0" ind2="0"><marcx:subfield code="0"/><marcx:subfield code="f">dimensionering</marcx:subfield></marcx:datafield><marcx:datafield tag="666" ind1="0" ind2="0"><marcx:subfield code="0"/><marcx:subfield code="f">bygningskonstruktioner</marcx:subfield></marcx:datafield><marcx:datafield tag="666" ind1="0" ind2="0"><marcx:subfield code="0"/><marcx:subfield code="o">vejledninger</marcx:subfield></marcx:datafield><marcx:datafield tag="710" ind1="0" ind2="0"><marcx:subfield code="a">Statens Byggeforskningsinstitut</marcx:subfield></marcx:datafield><marcx:datafield tag="910" ind1="0" ind2="0"><marcx:subfield code="a">SBI</marcx:subfield><marcx:subfield code="z">710</marcx:subfield></marcx:datafield><marcx:datafield tag="990" ind1="0" ind2="0"><marcx:subfield code="a">SFD</marcx:subfield><marcx:subfield code="c">H</marcx:subfield><marcx:subfield code="m">"... ændringer og tilføjelser".øjelser".</marcx:subfield><marcx:subfield code="o">199910</marcx:subfield></marcx:datafield><marcx:datafield tag="996" ind1="0" ind2="0"><marcx:subfield code="a">DBC</marcx:subfield></marcx:datafield></marcx:record>