
<marcx:record format="danMARC2" type="Bibliographic" xmlns:marcx="info:lc/xmlns/marcxchange-v1"><marcx:leader>00000n    2200000   4500</marcx:leader><marcx:datafield tag="001" ind1="0" ind2="0"><marcx:subfield code="a">26789451</marcx:subfield><marcx:subfield code="b">191919</marcx:subfield><marcx:subfield code="c">20071101112253</marcx:subfield><marcx:subfield code="d">20070607</marcx:subfield><marcx:subfield code="f">a</marcx:subfield></marcx:datafield><marcx:datafield tag="004" ind1="0" ind2="0"><marcx:subfield code="r">n</marcx:subfield><marcx:subfield code="a">e</marcx:subfield></marcx:datafield><marcx:datafield tag="008" ind1="0" ind2="0"><marcx:subfield code="t">m</marcx:subfield><marcx:subfield code="u">f</marcx:subfield><marcx:subfield code="a">2007</marcx:subfield><marcx:subfield code="b">dk</marcx:subfield><marcx:subfield code="l">dan</marcx:subfield><marcx:subfield code="v">0</marcx:subfield></marcx:datafield><marcx:datafield tag="009" ind1="0" ind2="0"><marcx:subfield code="a">a</marcx:subfield><marcx:subfield code="g">xx</marcx:subfield></marcx:datafield><marcx:datafield tag="021" ind1="0" ind2="0"><marcx:subfield code="e">9788792048004</marcx:subfield><marcx:subfield code="c">hf.</marcx:subfield><marcx:subfield code="d">kr. 49,95</marcx:subfield></marcx:datafield><marcx:datafield tag="032" ind1="0" ind2="0"><marcx:subfield code="a">DBF200731</marcx:subfield><marcx:subfield code="x">SFD200731</marcx:subfield><marcx:subfield code="x">ACC200723</marcx:subfield><marcx:subfield code="x">DAT200745</marcx:subfield></marcx:datafield><marcx:datafield tag="038" ind1="0" ind2="0"><marcx:subfield code="a">te</marcx:subfield></marcx:datafield><marcx:datafield tag="041" ind1="0" ind2="0"><marcx:subfield code="a">dan</marcx:subfield><marcx:subfield code="c">ita</marcx:subfield></marcx:datafield><marcx:datafield tag="100" ind1="0" ind2="0"><marcx:subfield code="0"/><marcx:subfield code="a">Chiaverotti</marcx:subfield><marcx:subfield code="h">Claudio</marcx:subfield></marcx:datafield><marcx:datafield tag="245" ind1="0" ind2="0"><marcx:subfield code="a">En ¤knæler gik at jage</marcx:subfield><marcx:subfield code="f">idé ...: Tiziano Sclavi</marcx:subfield><marcx:subfield code="e">historie og manuskript: Claudio Chiaverotti</marcx:subfield><marcx:subfield code="e">tegner: Bruno Brindisi</marcx:subfield><marcx:subfield code="f">oversætter: Cecilia Jakobsen</marcx:subfield></marcx:datafield><marcx:datafield tag="260" ind1="0" ind2="0"><marcx:subfield code="&amp;">1</marcx:subfield><marcx:subfield code="a">Tilst</marcx:subfield><marcx:subfield code="b">Shadow Zone Media</marcx:subfield><marcx:subfield code="f">[Haslev]</marcx:subfield><marcx:subfield code="g">[eksp. NBC]</marcx:subfield><marcx:subfield code="c">2007</marcx:subfield><marcx:subfield code="k">tr. i udl.</marcx:subfield></marcx:datafield><marcx:datafield tag="300" ind1="0" ind2="0"><marcx:subfield code="a">98 sider</marcx:subfield><marcx:subfield code="b">alle ill.</marcx:subfield></marcx:datafield><marcx:datafield tag="440" ind1="0" ind2="0"><marcx:subfield code="0"/><marcx:subfield code="a">Dylan Dog</marcx:subfield><marcx:subfield code="v">1</marcx:subfield></marcx:datafield><marcx:datafield tag="502" ind1="0" ind2="0"><marcx:subfield code="a">Oversat fra italiensk</marcx:subfield></marcx:datafield><marcx:datafield tag="504" ind1="0" ind2="0"><marcx:subfield code="&amp;">1</marcx:subfield><marcx:subfield code="a">Tegneserie. Mareridtsdetektiven Dylan Dog på jagt efter sindssyge seriemordere, zombier med hang til menneskekød, blodtørstige vampyrer, varulve eller andre livsfarlige opgaver</marcx:subfield></marcx:datafield><marcx:datafield tag="526" ind1="0" ind2="0"><marcx:subfield code="a">Hertil findes supplerende materiale på tegneseriens hjemmeside</marcx:subfield></marcx:datafield><marcx:datafield tag="652" ind1="0" ind2="0"><marcx:subfield code="n">82.6</marcx:subfield><marcx:subfield code="z">28</marcx:subfield></marcx:datafield><marcx:datafield tag="652" ind1="0" ind2="0"><marcx:subfield code="o">sk</marcx:subfield></marcx:datafield><marcx:datafield tag="700" ind1="0" ind2="0"><marcx:subfield code="0"/><marcx:subfield code="a">Brindisi</marcx:subfield><marcx:subfield code="h">Bruno</marcx:subfield></marcx:datafield><marcx:datafield tag="990" ind1="0" ind2="0"><marcx:subfield code="a">SFD</marcx:subfield><marcx:subfield code="b">L</marcx:subfield><marcx:subfield code="c">A</marcx:subfield><marcx:subfield code="o">200731</marcx:subfield></marcx:datafield><marcx:datafield tag="996" ind1="0" ind2="0"><marcx:subfield code="a">DBC</marcx:subfield></marcx:datafield></marcx:record>