
<marcx:record format="danMARC2" type="Bibliographic" xmlns:marcx="info:lc/xmlns/marcxchange-v1"><marcx:leader>00000n    2200000   4500</marcx:leader><marcx:datafield tag="001" ind1="0" ind2="0"><marcx:subfield code="a">22371533</marcx:subfield><marcx:subfield code="b">191919</marcx:subfield><marcx:subfield code="c">20051110002445</marcx:subfield><marcx:subfield code="d">19990216</marcx:subfield><marcx:subfield code="f">a</marcx:subfield></marcx:datafield><marcx:datafield tag="004" ind1="0" ind2="0"><marcx:subfield code="r">n</marcx:subfield><marcx:subfield code="a">e</marcx:subfield></marcx:datafield><marcx:datafield tag="008" ind1="0" ind2="0"><marcx:subfield code="t">s</marcx:subfield><marcx:subfield code="u">f</marcx:subfield><marcx:subfield code="a">1999</marcx:subfield><marcx:subfield code="b">dk</marcx:subfield><marcx:subfield code="v">0</marcx:subfield></marcx:datafield><marcx:datafield tag="009" ind1="0" ind2="0"><marcx:subfield code="a">s</marcx:subfield><marcx:subfield code="g">xc</marcx:subfield></marcx:datafield><marcx:datafield tag="020" ind1="0" ind2="0"><marcx:subfield code="a">dk</marcx:subfield></marcx:datafield><marcx:datafield tag="021" ind1="0" ind2="0"><marcx:subfield code="d">kr. 99,00</marcx:subfield></marcx:datafield><marcx:datafield tag="032" ind1="0" ind2="0"><marcx:subfield code="a">DMO199909</marcx:subfield><marcx:subfield code="x">SFG199909</marcx:subfield><marcx:subfield code="x">DAT200545</marcx:subfield></marcx:datafield><marcx:datafield tag="039" ind1="0" ind2="0"><marcx:subfield code="a">eta</marcx:subfield></marcx:datafield><marcx:datafield tag="100" ind1="0" ind2="0"><marcx:subfield code="a">Buhl-Mortensen</marcx:subfield><marcx:subfield code="h">Kristian</marcx:subfield></marcx:datafield><marcx:datafield tag="245" ind1="0" ind2="0"><marcx:subfield code="a">The ¤tears of the muses</marcx:subfield><marcx:subfield code="u">Elizabethan lute music</marcx:subfield><marcx:subfield code="e">Kristian Buhl-Mortensen, lut</marcx:subfield><marcx:subfield code="i">producer: Viggo Mangor</marcx:subfield></marcx:datafield><marcx:datafield tag="260" ind1="0" ind2="0"><marcx:subfield code="a">Frederiksberg</marcx:subfield><marcx:subfield code="b">Classico</marcx:subfield><marcx:subfield code="c">cop. 1999</marcx:subfield></marcx:datafield><marcx:datafield tag="300" ind1="0" ind2="0"><marcx:subfield code="n">1 cd</marcx:subfield></marcx:datafield><marcx:datafield tag="512" ind1="0" ind2="0"><marcx:subfield code="a">Indspillet i Tꜳstrup august 1998</marcx:subfield></marcx:datafield><marcx:datafield tag="531" ind1="0" ind2="0"><marcx:subfield code="a">Indhold:</marcx:subfield></marcx:datafield><marcx:datafield tag="538" ind1="0" ind2="0"><marcx:subfield code="f">Classico</marcx:subfield><marcx:subfield code="g">CLASSCD 267</marcx:subfield></marcx:datafield><marcx:datafield tag="652" ind1="0" ind2="0"><marcx:subfield code="m">78.4561</marcx:subfield></marcx:datafield><marcx:datafield tag="652" ind1="0" ind2="0"><marcx:subfield code="å">11</marcx:subfield><marcx:subfield code="i">78.456</marcx:subfield><marcx:subfield code="i">78.456</marcx:subfield><marcx:subfield code="i">78.456</marcx:subfield><marcx:subfield code="i">78.456</marcx:subfield><marcx:subfield code="i">78.456</marcx:subfield><marcx:subfield code="i">78.456</marcx:subfield><marcx:subfield code="i">78.456</marcx:subfield><marcx:subfield code="i">78.456</marcx:subfield><marcx:subfield code="i">78.456</marcx:subfield><marcx:subfield code="i">78.456</marcx:subfield><marcx:subfield code="i">78.456</marcx:subfield></marcx:datafield><marcx:datafield tag="652" ind1="0" ind2="0"><marcx:subfield code="å">12</marcx:subfield><marcx:subfield code="i">78.456</marcx:subfield><marcx:subfield code="i">78.456</marcx:subfield><marcx:subfield code="i">78.456</marcx:subfield></marcx:datafield><marcx:datafield tag="652" ind1="0" ind2="0"><marcx:subfield code="å">13</marcx:subfield><marcx:subfield code="i">78.456</marcx:subfield></marcx:datafield><marcx:datafield tag="652" ind1="0" ind2="0"><marcx:subfield code="å">14</marcx:subfield><marcx:subfield code="i">78.456</marcx:subfield></marcx:datafield><marcx:datafield tag="652" ind1="0" ind2="0"><marcx:subfield code="å">15</marcx:subfield><marcx:subfield code="i">78.456</marcx:subfield></marcx:datafield><marcx:datafield tag="652" ind1="0" ind2="0"><marcx:subfield code="å">16</marcx:subfield><marcx:subfield code="i">78.456</marcx:subfield><marcx:subfield code="i">78.456</marcx:subfield><marcx:subfield code="i">78.456</marcx:subfield><marcx:subfield code="i">78.456</marcx:subfield><marcx:subfield code="i">78.456</marcx:subfield><marcx:subfield code="i">78.456</marcx:subfield><marcx:subfield code="i">78.456</marcx:subfield></marcx:datafield><marcx:datafield tag="652" ind1="0" ind2="0"><marcx:subfield code="å">17</marcx:subfield><marcx:subfield code="i">78.456</marcx:subfield><marcx:subfield code="i">78.456</marcx:subfield><marcx:subfield code="i">78.456</marcx:subfield><marcx:subfield code="i">78.456</marcx:subfield><marcx:subfield code="i">78.456</marcx:subfield></marcx:datafield><marcx:datafield tag="666" ind1="0" ind2="0"><marcx:subfield code="0"/><marcx:subfield code="m">renæssance</marcx:subfield><marcx:subfield code="m">elizabethansk musik</marcx:subfield><marcx:subfield code="n">instrumental</marcx:subfield><marcx:subfield code="n">lut</marcx:subfield><marcx:subfield code="p">1500-1599</marcx:subfield><marcx:subfield code="p">1600-1609</marcx:subfield><marcx:subfield code="p">1610-1619</marcx:subfield><marcx:subfield code="l">England</marcx:subfield></marcx:datafield><marcx:datafield tag="770" ind1="0" ind2="0"><marcx:subfield code="å">12</marcx:subfield><marcx:subfield code="a">Johnson</marcx:subfield><marcx:subfield code="h">John</marcx:subfield><marcx:subfield code="c">f. ca 1540</marcx:subfield></marcx:datafield><marcx:datafield tag="770" ind1="0" ind2="0"><marcx:subfield code="å">13</marcx:subfield><marcx:subfield code="a">Johnson</marcx:subfield><marcx:subfield code="h">Robert</marcx:subfield><marcx:subfield code="c">f. ca 1583</marcx:subfield></marcx:datafield><marcx:datafield tag="770" ind1="0" ind2="0"><marcx:subfield code="å">14</marcx:subfield><marcx:subfield code="a">Cutting</marcx:subfield><marcx:subfield code="h">Francis</marcx:subfield></marcx:datafield><marcx:datafield tag="770" ind1="0" ind2="0"><marcx:subfield code="å">15</marcx:subfield><marcx:subfield code="a">Danyel</marcx:subfield><marcx:subfield code="h">John</marcx:subfield></marcx:datafield><marcx:datafield tag="770" ind1="0" ind2="0"><marcx:subfield code="å">16</marcx:subfield><marcx:subfield code="a">Holborne</marcx:subfield><marcx:subfield code="h">Anthony</marcx:subfield></marcx:datafield><marcx:datafield tag="770" ind1="0" ind2="0"><marcx:subfield code="å">17</marcx:subfield><marcx:subfield code="a">Dowland</marcx:subfield><marcx:subfield code="h">John</marcx:subfield></marcx:datafield><marcx:datafield tag="795" ind1="0" ind2="0"><marcx:subfield code="å">11</marcx:subfield><marcx:subfield code="a">Bergamasca</marcx:subfield><marcx:subfield code="a">Greensleeves</marcx:subfield><marcx:subfield code="e">arrangeret af Francis Cutting</marcx:subfield><marcx:subfield code="a">Watkins ale</marcx:subfield><marcx:subfield code="a">Gailliarde for lut</marcx:subfield><marcx:subfield code="a">A ¤new almain</marcx:subfield><marcx:subfield code="a">The ¤faries dance</marcx:subfield><marcx:subfield code="a">A ¤volta</marcx:subfield><marcx:subfield code="a">Tom of Bedlam</marcx:subfield><marcx:subfield code="a">Pepper is black</marcx:subfield><marcx:subfield code="a">Fantasi for lut</marcx:subfield><marcx:subfield code="a">Knoles galliard</marcx:subfield></marcx:datafield><marcx:datafield tag="795" ind1="0" ind2="0"><marcx:subfield code="å">12</marcx:subfield><marcx:subfield code="a">Pazzamezzo pavan</marcx:subfield><marcx:subfield code="a">Johnson's jewel</marcx:subfield><marcx:subfield code="a">A ¤ground</marcx:subfield></marcx:datafield><marcx:datafield tag="795" ind1="0" ind2="0"><marcx:subfield code="å">13</marcx:subfield><marcx:subfield code="a">Allemander for lut</marcx:subfield><marcx:subfield code="b">(1-2)</marcx:subfield></marcx:datafield><marcx:datafield tag="795" ind1="0" ind2="0"><marcx:subfield code="å">14</marcx:subfield><marcx:subfield code="a">Gailliarde for lut</marcx:subfield></marcx:datafield><marcx:datafield tag="795" ind1="0" ind2="0"><marcx:subfield code="å">15</marcx:subfield><marcx:subfield code="a">Rosa</marcx:subfield></marcx:datafield><marcx:datafield tag="795" ind1="0" ind2="0"><marcx:subfield code="å">16</marcx:subfield><marcx:subfield code="a">Fantasi for lut</marcx:subfield><marcx:subfield code="a">Gailliarde for lut</marcx:subfield><marcx:subfield code="a">The ¤tears of the muses</marcx:subfield><marcx:subfield code="a">High ho holiday</marcx:subfield><marcx:subfield code="7">/</marcx:subfield><marcx:subfield code="a">Muy Linda</marcx:subfield><marcx:subfield code="a">Image of melancholy</marcx:subfield><marcx:subfield code="a">The ¤fairy round</marcx:subfield></marcx:datafield><marcx:datafield tag="795" ind1="0" ind2="0"><marcx:subfield code="å">17</marcx:subfield><marcx:subfield code="a">Lachrimae pavan, P 15</marcx:subfield><marcx:subfield code="a">Galliard to Lachrimae, P 46</marcx:subfield><marcx:subfield code="a">Tarletones riserrectione, P 59</marcx:subfield><marcx:subfield code="a">Can she excuse, P 42</marcx:subfield><marcx:subfield code="a">The ¤King of Denmark's galliard, P 40</marcx:subfield></marcx:datafield><marcx:datafield tag="900" ind1="0" ind2="0"><marcx:subfield code="a">Mortensen</marcx:subfield><marcx:subfield code="h">Kristian Buhl-</marcx:subfield><marcx:subfield code="z">100</marcx:subfield></marcx:datafield><marcx:datafield tag="990" ind1="0" ind2="0"><marcx:subfield code="a">SFG</marcx:subfield><marcx:subfield code="o">199909</marcx:subfield><marcx:subfield code="c">C</marcx:subfield><marcx:subfield code="t">19.03.99</marcx:subfield></marcx:datafield><marcx:datafield tag="996" ind1="0" ind2="0"><marcx:subfield code="a">DBC</marcx:subfield></marcx:datafield></marcx:record>