
<marcx:record format="danMARC2" type="Bibliographic" xmlns:marcx="info:lc/xmlns/marcxchange-v1"><marcx:leader>00000n    2200000   4500</marcx:leader><marcx:datafield tag="001" ind1="0" ind2="0"><marcx:subfield code="a">22444980</marcx:subfield><marcx:subfield code="b">191919</marcx:subfield><marcx:subfield code="c">20000515014747</marcx:subfield><marcx:subfield code="d">19990511</marcx:subfield><marcx:subfield code="f">a</marcx:subfield></marcx:datafield><marcx:datafield tag="004" ind1="0" ind2="0"><marcx:subfield code="r">n</marcx:subfield><marcx:subfield code="a">e</marcx:subfield></marcx:datafield><marcx:datafield tag="008" ind1="0" ind2="0"><marcx:subfield code="t">s</marcx:subfield><marcx:subfield code="u">f</marcx:subfield><marcx:subfield code="a">1999</marcx:subfield><marcx:subfield code="b">dk</marcx:subfield><marcx:subfield code="l">eng</marcx:subfield><marcx:subfield code="v">0</marcx:subfield></marcx:datafield><marcx:datafield tag="009" ind1="0" ind2="0"><marcx:subfield code="a">s</marcx:subfield><marcx:subfield code="g">xc</marcx:subfield></marcx:datafield><marcx:datafield tag="020" ind1="0" ind2="0"><marcx:subfield code="a">dk</marcx:subfield></marcx:datafield><marcx:datafield tag="021" ind1="0" ind2="0"><marcx:subfield code="d">kr. 147,00</marcx:subfield></marcx:datafield><marcx:datafield tag="032" ind1="0" ind2="0"><marcx:subfield code="x">BØK199902</marcx:subfield><marcx:subfield code="x">SFG199921</marcx:subfield><marcx:subfield code="a">DMO199921</marcx:subfield><marcx:subfield code="x">DAT200021</marcx:subfield></marcx:datafield><marcx:datafield tag="039" ind1="0" ind2="0"><marcx:subfield code="a">bef</marcx:subfield></marcx:datafield><marcx:datafield tag="110" ind1="0" ind2="0"><marcx:subfield code="a">Jonz</marcx:subfield></marcx:datafield><marcx:datafield tag="245" ind1="0" ind2="0"><marcx:subfield code="a">Where it's at</marcx:subfield><marcx:subfield code="j">Jonz (Jimmi Riise, Boe Larsen, Jonas Rendbo, Jens Brockhoff, Kim Thomsen) with Rolf Hansen, Good Ol' Boxin'gloves ... [et al.]</marcx:subfield><marcx:subfield code="i">Jonz (Jonas Rendbo, lead- and background vocals ; Jimmi Riise, tenorsax, sopranosax, flute and background vocals ; Boe Larsen, keyboards, programming and background vocals; Jens Brockhoff, bass and background vocals ; Kim Thomsen, drums, percussion and drum programming)</marcx:subfield><marcx:subfield code="i">produced by Peter Smith</marcx:subfield><marcx:subfield code="i">recorded and engineered by Nis Bøgvad</marcx:subfield><marcx:subfield code="i">programmed by Boe Larsen ... [et al.]</marcx:subfield><marcx:subfield code="i">mixed by Ben Darlow ... [et al.]</marcx:subfield></marcx:datafield><marcx:datafield tag="260" ind1="0" ind2="0"><marcx:subfield code="a">[Kbh.]</marcx:subfield><marcx:subfield code="b">Start</marcx:subfield><marcx:subfield code="b">Sony</marcx:subfield><marcx:subfield code="c">p 1999</marcx:subfield></marcx:datafield><marcx:datafield tag="300" ind1="0" ind2="0"><marcx:subfield code="n">1 cd</marcx:subfield></marcx:datafield><marcx:datafield tag="512" ind1="0" ind2="0"><marcx:subfield code="&amp;">0</marcx:subfield><marcx:subfield code="a">Indspillet i København</marcx:subfield></marcx:datafield><marcx:datafield tag="531" ind1="0" ind2="0"><marcx:subfield code="a">Indhold:</marcx:subfield></marcx:datafield><marcx:datafield tag="538" ind1="0" ind2="0"><marcx:subfield code="f">Start</marcx:subfield><marcx:subfield code="f">Sony</marcx:subfield><marcx:subfield code="g">4941822</marcx:subfield></marcx:datafield><marcx:datafield tag="652" ind1="0" ind2="0"><marcx:subfield code="m">78.794</marcx:subfield><marcx:subfield code="v">5</marcx:subfield></marcx:datafield><marcx:datafield tag="666" ind1="0" ind2="0"><marcx:subfield code="0"/><marcx:subfield code="m">r&amp;b</marcx:subfield><marcx:subfield code="m">soul</marcx:subfield><marcx:subfield code="n">vokal</marcx:subfield><marcx:subfield code="p">1990-1999</marcx:subfield><marcx:subfield code="l">Danmark</marcx:subfield></marcx:datafield><marcx:datafield tag="700" ind1="0" ind2="0"><marcx:subfield code="a">Agami</marcx:subfield><marcx:subfield code="h">Al</marcx:subfield></marcx:datafield><marcx:datafield tag="700" ind1="0" ind2="0"><marcx:subfield code="a">Rendbo</marcx:subfield><marcx:subfield code="h">Jonas</marcx:subfield></marcx:datafield><marcx:datafield tag="700" ind1="0" ind2="0"><marcx:subfield code="a">Riise</marcx:subfield><marcx:subfield code="h">Jimmi</marcx:subfield></marcx:datafield><marcx:datafield tag="700" ind1="0" ind2="0"><marcx:subfield code="a">Larsen</marcx:subfield><marcx:subfield code="h">Boe</marcx:subfield></marcx:datafield><marcx:datafield tag="700" ind1="0" ind2="0"><marcx:subfield code="a">Brockhoff</marcx:subfield><marcx:subfield code="h">Jens</marcx:subfield></marcx:datafield><marcx:datafield tag="700" ind1="0" ind2="0"><marcx:subfield code="a">Thomsen</marcx:subfield><marcx:subfield code="h">Kim</marcx:subfield></marcx:datafield><marcx:datafield tag="700" ind1="0" ind2="0"><marcx:subfield code="a">Hansen</marcx:subfield><marcx:subfield code="h">Rolf</marcx:subfield></marcx:datafield><marcx:datafield tag="700" ind1="0" ind2="0"><marcx:subfield code="a">Riis</marcx:subfield><marcx:subfield code="h">Jesper</marcx:subfield></marcx:datafield><marcx:datafield tag="700" ind1="0" ind2="0"><marcx:subfield code="å">1</marcx:subfield><marcx:subfield code="a">Bøgelund Pedersen</marcx:subfield><marcx:subfield code="h">Nikolai</marcx:subfield></marcx:datafield><marcx:datafield tag="700" ind1="0" ind2="0"><marcx:subfield code="a">Hou</marcx:subfield><marcx:subfield code="h">Henrik</marcx:subfield></marcx:datafield><marcx:datafield tag="700" ind1="0" ind2="0"><marcx:subfield code="a">Good Ol' Boxin'gloves</marcx:subfield></marcx:datafield><marcx:datafield tag="795" ind1="0" ind2="0"><marcx:subfield code="å">11</marcx:subfield><marcx:subfield code="a">Why did it go</marcx:subfield><marcx:subfield code="i">Larsen/Rendbo</marcx:subfield><marcx:subfield code="i">Jesper Riis, trumpet</marcx:subfield><marcx:subfield code="a">U know</marcx:subfield><marcx:subfield code="i">Rendbo/Agami</marcx:subfield><marcx:subfield code="i">Al Agami, raps</marcx:subfield><marcx:subfield code="i">Nikolai Bøgelund Pedersen, trombone</marcx:subfield><marcx:subfield code="i">Henrik Hou, trumpet</marcx:subfield><marcx:subfield code="a">Do me right</marcx:subfield><marcx:subfield code="i">Larsen/Rendbo</marcx:subfield><marcx:subfield code="a">Love in vain</marcx:subfield><marcx:subfield code="i">Larsen/Smith</marcx:subfield><marcx:subfield code="a">Share my life</marcx:subfield><marcx:subfield code="i">Larsen</marcx:subfield><marcx:subfield code="i">Rolf Hansen, guitar</marcx:subfield><marcx:subfield code="a">After you've gone</marcx:subfield><marcx:subfield code="i">Brockhoff</marcx:subfield><marcx:subfield code="i">Rolf Hansen, guitar</marcx:subfield><marcx:subfield code="i">Nikolai Bøgelund Pedersen, trombone</marcx:subfield><marcx:subfield code="i">Henrik Hou, trumpet</marcx:subfield><marcx:subfield code="a">A ¤freaky interlude</marcx:subfield><marcx:subfield code="i">Jonz</marcx:subfield><marcx:subfield code="a">Sleeping</marcx:subfield><marcx:subfield code="i">Larsen/Rendbo</marcx:subfield><marcx:subfield code="i">Rolf Hansen, guitar</marcx:subfield><marcx:subfield code="a">Where you're at</marcx:subfield><marcx:subfield code="i">Rendbo</marcx:subfield><marcx:subfield code="a">Did you ever</marcx:subfield><marcx:subfield code="i">Brockhoff/Smith</marcx:subfield><marcx:subfield code="i">Good Ol' Boxin'gloves, guitar</marcx:subfield><marcx:subfield code="a">Lullaby</marcx:subfield><marcx:subfield code="i">Brockhoff</marcx:subfield><marcx:subfield code="i">Good Ol' Boxin'gloves, guitar</marcx:subfield></marcx:datafield><marcx:datafield tag="900" ind1="0" ind2="0"><marcx:subfield code="a">Pedersen</marcx:subfield><marcx:subfield code="h">Nikolai Bøgelund</marcx:subfield><marcx:subfield code="z">700/1</marcx:subfield></marcx:datafield><marcx:datafield tag="990" ind1="0" ind2="0"><marcx:subfield code="a">SFG</marcx:subfield><marcx:subfield code="b">B</marcx:subfield><marcx:subfield code="c">C</marcx:subfield><marcx:subfield code="o">199921</marcx:subfield><marcx:subfield code="t">11.06.99</marcx:subfield></marcx:datafield><marcx:datafield tag="991" ind1="0" ind2="0"><marcx:subfield code="o">\(Ulriks side 199921)\</marcx:subfield></marcx:datafield><marcx:datafield tag="996" ind1="0" ind2="0"><marcx:subfield code="a">DBC</marcx:subfield></marcx:datafield></marcx:record>