
<record xsi:schemaLocation="http://www.loc.gov/standards/iso25577/marcxchange-1-1.xsd" xmlns="info:lc/xmlns/marcxchange-v1" xmlns:xsi="http://www.w3.org/2001/XMLSchema-instance"><leader>00000n    2200000   4500</leader><datafield tag="001" ind1="0" ind2="0"><subfield code="a">45706184</subfield><subfield code="b">191919</subfield><subfield code="c">20150827141228</subfield><subfield code="d">20150827</subfield><subfield code="f">a</subfield></datafield><datafield tag="002" ind1="0" ind2="0"><subfield code="b">746100</subfield><subfield code="c">94454697</subfield><subfield code="x">74610094454697</subfield></datafield><datafield tag="004" ind1="0" ind2="0"><subfield code="r">c</subfield><subfield code="a">b</subfield></datafield><datafield tag="008" ind1="0" ind2="0"><subfield code="t">m</subfield><subfield code="u">u</subfield><subfield code="a">2014</subfield><subfield code="v">0</subfield></datafield><datafield tag="014" ind1="0" ind2="0"><subfield code="a">44710927</subfield></datafield><datafield tag="021" ind1="0" ind2="0"><subfield code="e">9781440242670</subfield><subfield code="x">1-4402-4267-4</subfield></datafield><datafield tag="245" ind1="0" ind2="0"><subfield code="g">[Volume 2]</subfield><subfield code="a">General issues 1368-1960</subfield></datafield><datafield tag="260" ind1="0" ind2="0"><subfield code="c">2014</subfield></datafield><datafield tag="300" ind1="0" ind2="0"><subfield code="a">1295 sider</subfield></datafield><datafield tag="700" ind1="0" ind2="0"><subfield code="a">Cuhaj</subfield><subfield code="h">George S.</subfield><subfield code="4">edt</subfield></datafield><datafield tag="996" ind1="0" ind2="0"><subfield code="a">746100</subfield></datafield></record>