
<marcx:record format="danMARC2" type="Bibliographic" xmlns:marcx="info:lc/xmlns/marcxchange-v1"><marcx:leader>00000n    2200000   4500</marcx:leader><marcx:datafield tag="001" ind1="0" ind2="0"><marcx:subfield code="a">41980834</marcx:subfield><marcx:subfield code="b">191919</marcx:subfield><marcx:subfield code="c">19990510213345</marcx:subfield><marcx:subfield code="d">19990510</marcx:subfield><marcx:subfield code="f">a</marcx:subfield></marcx:datafield><marcx:datafield tag="002" ind1="0" ind2="0"><marcx:subfield code="b">746100</marcx:subfield><marcx:subfield code="c">90372254</marcx:subfield><marcx:subfield code="x">74610090372254</marcx:subfield></marcx:datafield><marcx:datafield tag="004" ind1="0" ind2="0"><marcx:subfield code="r">n</marcx:subfield><marcx:subfield code="a">e</marcx:subfield></marcx:datafield><marcx:datafield tag="008" ind1="0" ind2="0"><marcx:subfield code="t">p</marcx:subfield><marcx:subfield code="u">d</marcx:subfield><marcx:subfield code="a">190?</marcx:subfield><marcx:subfield code="z">1927</marcx:subfield><marcx:subfield code="b">dk</marcx:subfield><marcx:subfield code="c">a</marcx:subfield><marcx:subfield code="l">dan</marcx:subfield><marcx:subfield code="v">0</marcx:subfield></marcx:datafield><marcx:datafield tag="009" ind1="0" ind2="0"><marcx:subfield code="a">a</marcx:subfield><marcx:subfield code="g">xx</marcx:subfield></marcx:datafield><marcx:datafield tag="245" ind1="0" ind2="0"><marcx:subfield code="a">Indbydelsesskrift til afgangseksamen og hovedeksamen i Odense Katedralskole ...</marcx:subfield></marcx:datafield><marcx:datafield tag="260" ind1="0" ind2="0"><marcx:subfield code="a">Odense</marcx:subfield><marcx:subfield code="b">[s.n.]</marcx:subfield><marcx:subfield code="c">[?]-1927</marcx:subfield></marcx:datafield><marcx:datafield tag="500" ind1="0" ind2="0"><marcx:subfield code="a">Årlig</marcx:subfield></marcx:datafield><marcx:datafield tag="505" ind1="0" ind2="0"><marcx:subfield code="a">Årspublikation</marcx:subfield></marcx:datafield><marcx:datafield tag="512" ind1="0" ind2="0"><marcx:subfield code="a">Omslagstitel: Indbydelsesskrift til de offentlige eksaminer i Odense Katedralskole</marcx:subfield></marcx:datafield><marcx:datafield tag="526" ind1="0" ind2="0"><marcx:subfield code="a">Fortsættes som: Indbydelsesskrift til de offentlige eksaminer ...</marcx:subfield></marcx:datafield><marcx:datafield tag="539" ind1="0" ind2="0"><marcx:subfield code="a">Årgang 1908</marcx:subfield></marcx:datafield><marcx:datafield tag="652" ind1="0" ind2="0"><marcx:subfield code="m">37.5</marcx:subfield><marcx:subfield code="b">Odense</marcx:subfield></marcx:datafield><marcx:datafield tag="710" ind1="0" ind2="0"><marcx:subfield code="a">Odense Katedralskole</marcx:subfield></marcx:datafield><marcx:datafield tag="745" ind1="0" ind2="0"><marcx:subfield code="a">Indbydelsesskrift til de offentlige eksaminer i Odense Katedralskole</marcx:subfield></marcx:datafield><marcx:datafield tag="996" ind1="0" ind2="0"><marcx:subfield code="a">746100</marcx:subfield></marcx:datafield></marcx:record>