
<marcx:record format="danMARC2" type="Bibliographic" xmlns:marcx="info:lc/xmlns/marcxchange-v1"><marcx:leader>00000n    2200000   4500</marcx:leader><marcx:datafield tag="001" ind1="0" ind2="0"><marcx:subfield code="a">41978422</marcx:subfield><marcx:subfield code="b">191919</marcx:subfield><marcx:subfield code="c">19990510210026</marcx:subfield><marcx:subfield code="d">19990510</marcx:subfield><marcx:subfield code="f">a</marcx:subfield></marcx:datafield><marcx:datafield tag="002" ind1="0" ind2="0"><marcx:subfield code="b">718100</marcx:subfield><marcx:subfield code="c">90124412</marcx:subfield><marcx:subfield code="x">71810090124412</marcx:subfield></marcx:datafield><marcx:datafield tag="004" ind1="0" ind2="0"><marcx:subfield code="r">n</marcx:subfield><marcx:subfield code="a">e</marcx:subfield></marcx:datafield><marcx:datafield tag="008" ind1="0" ind2="0"><marcx:subfield code="t">m</marcx:subfield><marcx:subfield code="u">u</marcx:subfield><marcx:subfield code="a">1997</marcx:subfield><marcx:subfield code="b">au</marcx:subfield><marcx:subfield code="l">eng</marcx:subfield><marcx:subfield code="v">0</marcx:subfield></marcx:datafield><marcx:datafield tag="009" ind1="0" ind2="0"><marcx:subfield code="a">a</marcx:subfield><marcx:subfield code="g">xx</marcx:subfield></marcx:datafield><marcx:datafield tag="021" ind1="0" ind2="0"><marcx:subfield code="a">0-7301-0506-7</marcx:subfield></marcx:datafield><marcx:datafield tag="100" ind1="0" ind2="0"><marcx:subfield code="a">Godden</marcx:subfield><marcx:subfield code="h">Elaine</marcx:subfield></marcx:datafield><marcx:datafield tag="245" ind1="0" ind2="0"><marcx:subfield code="a">Rock paintings of aboriginal Australia</marcx:subfield><marcx:subfield code="e">Elaine Godden</marcx:subfield><marcx:subfield code="f">photography by Jutta Malnic</marcx:subfield></marcx:datafield><marcx:datafield tag="250" ind1="0" ind2="0"><marcx:subfield code="b">[Pbk. edition]</marcx:subfield></marcx:datafield><marcx:datafield tag="260" ind1="0" ind2="0"><marcx:subfield code="a">Kew, Vict., Australia</marcx:subfield><marcx:subfield code="b">Reed</marcx:subfield><marcx:subfield code="c">1997</marcx:subfield></marcx:datafield><marcx:datafield tag="300" ind1="0" ind2="0"><marcx:subfield code="a">ix, 48 tavler i farver, 64 sider</marcx:subfield><marcx:subfield code="b">ill.</marcx:subfield></marcx:datafield><marcx:datafield tag="520" ind1="0" ind2="0"><marcx:subfield code="a">Originaludgave: 1982</marcx:subfield></marcx:datafield><marcx:datafield tag="530" ind1="0" ind2="0"><marcx:subfield code="a">Tavle 1-48: The rock paintings ; side 1-64: The stories</marcx:subfield></marcx:datafield><marcx:datafield tag="532" ind1="0" ind2="0"><marcx:subfield code="a">Recommended reading and bibliography: side 61-62</marcx:subfield></marcx:datafield><marcx:datafield tag="631" ind1="0" ind2="0"><marcx:subfield code="f">aboriginal kunst</marcx:subfield></marcx:datafield><marcx:datafield tag="631" ind1="0" ind2="0"><marcx:subfield code="f">klippemalerier</marcx:subfield></marcx:datafield><marcx:datafield tag="652" ind1="0" ind2="0"><marcx:subfield code="m">59.58</marcx:subfield></marcx:datafield><marcx:datafield tag="996" ind1="0" ind2="0"><marcx:subfield code="a">718100</marcx:subfield></marcx:datafield></marcx:record>