
<marcx:record format="danMARC2" type="Bibliographic" xmlns:marcx="info:lc/xmlns/marcxchange-v1"><marcx:leader>00000n    2200000   4500</marcx:leader><marcx:datafield tag="001" ind1="0" ind2="0"><marcx:subfield code="a">41980826</marcx:subfield><marcx:subfield code="b">191919</marcx:subfield><marcx:subfield code="c">19990510213340</marcx:subfield><marcx:subfield code="d">19990510</marcx:subfield><marcx:subfield code="f">a</marcx:subfield></marcx:datafield><marcx:datafield tag="002" ind1="0" ind2="0"><marcx:subfield code="b">746100</marcx:subfield><marcx:subfield code="c">90372246</marcx:subfield><marcx:subfield code="x">74610090372246</marcx:subfield></marcx:datafield><marcx:datafield tag="004" ind1="0" ind2="0"><marcx:subfield code="r">n</marcx:subfield><marcx:subfield code="a">e</marcx:subfield></marcx:datafield><marcx:datafield tag="008" ind1="0" ind2="0"><marcx:subfield code="t">p</marcx:subfield><marcx:subfield code="u">c</marcx:subfield><marcx:subfield code="a">1965</marcx:subfield><marcx:subfield code="b">dk</marcx:subfield><marcx:subfield code="c">m</marcx:subfield><marcx:subfield code="l">dan</marcx:subfield><marcx:subfield code="v">0</marcx:subfield></marcx:datafield><marcx:datafield tag="009" ind1="0" ind2="0"><marcx:subfield code="a">a</marcx:subfield><marcx:subfield code="g">xx</marcx:subfield></marcx:datafield><marcx:datafield tag="245" ind1="0" ind2="0"><marcx:subfield code="a">Nyt</marcx:subfield><marcx:subfield code="e">Tarup-Pꜳrup Idrætsforening</marcx:subfield></marcx:datafield><marcx:datafield tag="255" ind1="0" ind2="0"><marcx:subfield code="a">8. årgang , nr. 4 (april 1965)-</marcx:subfield></marcx:datafield><marcx:datafield tag="260" ind1="0" ind2="0"><marcx:subfield code="a">[Odense]</marcx:subfield><marcx:subfield code="b">Tarup-Pꜳrup Idrætsforening</marcx:subfield><marcx:subfield code="c">1965-</marcx:subfield></marcx:datafield><marcx:datafield tag="500" ind1="0" ind2="0"><marcx:subfield code="a">11-12 numre årligt</marcx:subfield></marcx:datafield><marcx:datafield tag="505" ind1="0" ind2="0"><marcx:subfield code="a">Tidsskrift</marcx:subfield></marcx:datafield><marcx:datafield tag="526" ind1="0" ind2="0"><marcx:subfield code="a">Fortsættelse af: Tarup-nyt</marcx:subfield></marcx:datafield><marcx:datafield tag="539" ind1="0" ind2="0"><marcx:subfield code="a">8. årgang, nr. 4 (april 1965)</marcx:subfield></marcx:datafield><marcx:datafield tag="652" ind1="0" ind2="0"><marcx:subfield code="m">79.606</marcx:subfield></marcx:datafield><marcx:datafield tag="710" ind1="0" ind2="0"><marcx:subfield code="a">Tarup-Pꜳrup Idrætsforening</marcx:subfield></marcx:datafield><marcx:datafield tag="996" ind1="0" ind2="0"><marcx:subfield code="a">746100</marcx:subfield></marcx:datafield></marcx:record>