
<record xsi:schemaLocation="http://www.loc.gov/standards/iso25577/marcxchange-1-1.xsd" xmlns="info:lc/xmlns/marcxchange-v1" xmlns:xsi="http://www.w3.org/2001/XMLSchema-instance"><leader>00000n    2200000   4500</leader><datafield tag="001" ind1="0" ind2="0"><subfield code="a">45706230</subfield><subfield code="b">191919</subfield><subfield code="c">20150827141237</subfield><subfield code="d">20150827</subfield><subfield code="f">a</subfield></datafield><datafield tag="002" ind1="0" ind2="0"><subfield code="b">746100</subfield><subfield code="c">94515181</subfield><subfield code="x">74610094515181</subfield></datafield><datafield tag="004" ind1="0" ind2="0"><subfield code="a">e</subfield><subfield code="r">c</subfield></datafield><datafield tag="008" ind1="0" ind2="0"><subfield code="t">p</subfield><subfield code="u">d</subfield><subfield code="a">1991</subfield><subfield code="z">1998</subfield><subfield code="c">z</subfield><subfield code="b">dk</subfield><subfield code="h">p</subfield><subfield code="l">dan</subfield><subfield code="v">0</subfield></datafield><datafield tag="009" ind1="0" ind2="0"><subfield code="a">a</subfield><subfield code="g">xx</subfield></datafield><datafield tag="245" ind1="0" ind2="0"><subfield code="a">Odense Atletik</subfield></datafield><datafield tag="255" ind1="0" ind2="0"><subfield code="a">2. [i.e. 50.] årg., nr. 1 (januar 1991)-56. årgang, nr. 3 (april 1998)</subfield></datafield><datafield tag="260" ind1="0" ind2="0"><subfield code="a">[Odense]</subfield><subfield code="b">Odense Atletik</subfield><subfield code="c">1991-1998</subfield></datafield><datafield tag="500" ind1="0" ind2="0"><subfield code="a">5-6 numre årligt</subfield></datafield><datafield tag="505" ind1="0" ind2="0"><subfield code="a">Tidsskrift</subfield></datafield><datafield tag="512" ind1="0" ind2="0"><subfield code="a">Varianttitel til og med april 1992: Medlemsbladet Odense Atletik</subfield></datafield><datafield tag="512" ind1="0" ind2="0"><subfield code="a">Både 1991 og 1992 betegnet 50. årgang</subfield></datafield><datafield tag="526" ind1="0" ind2="0"><subfield code="i">Fortsættelse af</subfield><subfield code="t">Freja nyt</subfield></datafield><datafield tag="526" ind1="0" ind2="0"><subfield code="i">Indgået i</subfield><subfield code="t">OGF</subfield></datafield><datafield tag="652" ind1="0" ind2="0"><subfield code="m">79.61</subfield></datafield><datafield tag="710" ind1="0" ind2="0"><subfield code="a">Odense Atletik</subfield></datafield><datafield tag="745" ind1="0" ind2="0"><subfield code="a">Medlemsbladet Odense Atletik</subfield></datafield><datafield tag="910" ind1="0" ind2="0"><subfield code="a">Idrætsforeningen Freja</subfield><subfield code="e">Odense</subfield><subfield code="x">se også under det senere navn</subfield><subfield code="z">710</subfield></datafield><datafield tag="910" ind1="0" ind2="0"><subfield code="a">Odense Atletik</subfield><subfield code="x">se også under det tidligere navn</subfield><subfield code="z">710</subfield></datafield><datafield tag="996" ind1="0" ind2="0"><subfield code="a">746100</subfield></datafield></record>