
<marcx:record format="danMARC2" type="Bibliographic" xmlns:marcx="info:lc/xmlns/marcxchange-v1"><marcx:leader>00000n    2200000   4500</marcx:leader><marcx:datafield tag="001" ind1="0" ind2="0"><marcx:subfield code="a">22370782</marcx:subfield><marcx:subfield code="b">191919</marcx:subfield><marcx:subfield code="c">19990215141701</marcx:subfield><marcx:subfield code="d">19990215</marcx:subfield><marcx:subfield code="f">a</marcx:subfield></marcx:datafield><marcx:datafield tag="004" ind1="0" ind2="0"><marcx:subfield code="r">n</marcx:subfield><marcx:subfield code="a">e</marcx:subfield></marcx:datafield><marcx:datafield tag="008" ind1="0" ind2="0"><marcx:subfield code="t">m</marcx:subfield><marcx:subfield code="u">f</marcx:subfield><marcx:subfield code="a">1995</marcx:subfield><marcx:subfield code="b">dk</marcx:subfield><marcx:subfield code="g">1</marcx:subfield><marcx:subfield code="l">dan</marcx:subfield><marcx:subfield code="v">0</marcx:subfield></marcx:datafield><marcx:datafield tag="009" ind1="0" ind2="0"><marcx:subfield code="a">a</marcx:subfield><marcx:subfield code="g">xx</marcx:subfield></marcx:datafield><marcx:datafield tag="021" ind1="0" ind2="0"><marcx:subfield code="c">Hf.</marcx:subfield><marcx:subfield code="d">pris og eksp. ikke oplyst</marcx:subfield></marcx:datafield><marcx:datafield tag="032" ind1="0" ind2="0"><marcx:subfield code="a">DBF199910</marcx:subfield></marcx:datafield><marcx:datafield tag="100" ind1="0" ind2="0"><marcx:subfield code="0"/><marcx:subfield code="a">Gleerup</marcx:subfield><marcx:subfield code="h">J.</marcx:subfield></marcx:datafield><marcx:datafield tag="245" ind1="0" ind2="0"><marcx:subfield code="a">"Betroet arbejde" gennem et århundrede</marcx:subfield><marcx:subfield code="c">Rynkeby Maskinfabrik 1895-1995</marcx:subfield><marcx:subfield code="e">tekst: Jørgen Gleerup</marcx:subfield></marcx:datafield><marcx:datafield tag="260" ind1="0" ind2="0"><marcx:subfield code="a">[Rynkeby]</marcx:subfield><marcx:subfield code="b">[Rynkeby Maskinfabrik]</marcx:subfield><marcx:subfield code="c">[1995]</marcx:subfield><marcx:subfield code="k">Grafisk Center Langeskov, REX</marcx:subfield></marcx:datafield><marcx:datafield tag="300" ind1="0" ind2="0"><marcx:subfield code="a">27 sider</marcx:subfield><marcx:subfield code="b">ill. (nogle i farver)</marcx:subfield></marcx:datafield><marcx:datafield tag="652" ind1="0" ind2="0"><marcx:subfield code="m">62.2</marcx:subfield></marcx:datafield><marcx:datafield tag="710" ind1="0" ind2="0"><marcx:subfield code="a">Rynkeby Maskinfabrik</marcx:subfield></marcx:datafield><marcx:datafield tag="900" ind1="0" ind2="0"><marcx:subfield code="0"/><marcx:subfield code="a">Gleerup</marcx:subfield><marcx:subfield code="h">Jørgen</marcx:subfield><marcx:subfield code="c">f. 1947</marcx:subfield><marcx:subfield code="z">100</marcx:subfield></marcx:datafield><marcx:datafield tag="996" ind1="0" ind2="0"><marcx:subfield code="a">DBC</marcx:subfield></marcx:datafield></marcx:record>