
<record xsi:schemaLocation="http://www.loc.gov/standards/iso25577/marcxchange-1-1.xsd" xmlns="info:lc/xmlns/marcxchange-v1" xmlns:xsi="http://www.w3.org/2001/XMLSchema-instance"><leader>00000n    2200000   4500</leader><datafield tag="001" ind1="0" ind2="0"><subfield code="a">45706249</subfield><subfield code="b">191919</subfield><subfield code="c">20150827141239</subfield><subfield code="d">20150827</subfield><subfield code="f">a</subfield></datafield><datafield tag="002" ind1="0" ind2="0"><subfield code="b">746100</subfield><subfield code="c">94516579</subfield><subfield code="x">74610094516579</subfield></datafield><datafield tag="004" ind1="0" ind2="0"><subfield code="r">c</subfield><subfield code="a">e</subfield></datafield><datafield tag="008" ind1="0" ind2="0"><subfield code="t">m</subfield><subfield code="u">f</subfield><subfield code="a">2013</subfield><subfield code="b">xx</subfield><subfield code="l">eng</subfield><subfield code="v">0</subfield></datafield><datafield tag="009" ind1="0" ind2="0"><subfield code="a">s</subfield><subfield code="g">xc</subfield><subfield code="b">a</subfield><subfield code="h">xx</subfield></datafield><datafield tag="023" ind1="0" ind2="0"><subfield code="a">0888430085220</subfield></datafield><datafield tag="039" ind1="0" ind2="0"><subfield code="a">otm</subfield></datafield><datafield tag="100" ind1="0" ind2="0"><subfield code="a">Rodgers</subfield><subfield code="h">Richard</subfield></datafield><datafield tag="239" ind1="0" ind2="0"><subfield code="t">The ¤sound of music</subfield><subfield code="ø">Chase</subfield></datafield><datafield tag="245" ind1="0" ind2="0"><subfield code="a">The ¤sound of music</subfield><subfield code="c">music from the television eventlyrics by Oscar Hammerstein II</subfield><subfield code="e">directors: Rob Ashford and Beth McCarthy-Miller</subfield><subfield code="e">solister: Carrie Underwood, Stephen Moyer... [et al.]</subfield><subfield code="e">kor og orkester</subfield><subfield code="e">dirigent: David Chase</subfield></datafield><datafield tag="260" ind1="0" ind2="0"><subfield code="b">NBC</subfield><subfield code="b">Universal Media</subfield><subfield code="c">p 2013</subfield></datafield><datafield tag="300" ind1="0" ind2="0"><subfield code="n">1 cd</subfield><subfield code="d">1 bilag</subfield></datafield><datafield tag="531" ind1="0" ind2="0"><subfield code="a">Indhold:</subfield></datafield><datafield tag="534" ind1="0" ind2="0"><subfield code="a">Med sangtekster</subfield></datafield><datafield tag="538" ind1="0" ind2="0"><subfield code="f">Masterworks</subfield><subfield code="g">88843008522</subfield></datafield><datafield tag="652" ind1="0" ind2="0"><subfield code="m">78.81</subfield><subfield code="v">5</subfield></datafield><datafield tag="652" ind1="0" ind2="0"><subfield code="p">78.81</subfield><subfield code="v">8</subfield></datafield><datafield tag="666" ind1="0" ind2="0"><subfield code="m">musical</subfield><subfield code="m">tv-musik</subfield><subfield code="n">vokal</subfield><subfield code="p">2010-2019</subfield><subfield code="l">USA</subfield></datafield><datafield tag="666" ind1="0" ind2="0"><subfield code="o">soundtracks</subfield></datafield><datafield tag="700" ind1="0" ind2="0"><subfield code="a">Chase</subfield><subfield code="h">David</subfield></datafield><datafield tag="700" ind1="0" ind2="0"><subfield code="a">Hammerstein</subfield><subfield code="h">Oscar</subfield><subfield code="c">f. 1895</subfield></datafield><datafield tag="700" ind1="0" ind2="0"><subfield code="a">Ashford</subfield><subfield code="h">Rob</subfield></datafield><datafield tag="700" ind1="0" ind2="0"><subfield code="A">maccarthy-miller</subfield><subfield code="a">McCarthy-Miller</subfield><subfield code="h">Beth</subfield></datafield><datafield tag="700" ind1="0" ind2="0"><subfield code="a">Underwood</subfield><subfield code="h">Carrie</subfield></datafield><datafield tag="700" ind1="0" ind2="0"><subfield code="a">Moyer</subfield><subfield code="h">Stephen</subfield></datafield><datafield tag="795" ind1="0" ind2="0"><subfield code="å">11</subfield><subfield code="a">Preludium</subfield></datafield><datafield tag="795" ind1="0" ind2="0"><subfield code="å">12</subfield><subfield code="a">The ¤sound of music</subfield></datafield><datafield tag="795" ind1="0" ind2="0"><subfield code="å">13</subfield><subfield code="a">Maria</subfield></datafield><datafield tag="795" ind1="0" ind2="0"><subfield code="å">14</subfield><subfield code="a">My favorite things</subfield></datafield><datafield tag="795" ind1="0" ind2="0"><subfield code="å">15</subfield><subfield code="a">Do-re-mi</subfield></datafield><datafield tag="795" ind1="0" ind2="0"><subfield code="å">16</subfield><subfield code="a">Sixteen going on seventeen</subfield></datafield><datafield tag="795" ind1="0" ind2="0"><subfield code="å">17</subfield><subfield code="a">The ¤lonely goatherd</subfield></datafield><datafield tag="795" ind1="0" ind2="0"><subfield code="å">18</subfield><subfield code="a">How can love survive?</subfield></datafield><datafield tag="795" ind1="0" ind2="0"><subfield code="å">19</subfield><subfield code="a">Reprise: The sound of music</subfield></datafield><datafield tag="795" ind1="0" ind2="0"><subfield code="å">20</subfield><subfield code="a">The ¤grand waltz</subfield></datafield><datafield tag="795" ind1="0" ind2="0"><subfield code="å">21</subfield><subfield code="a">Ländler</subfield></datafield><datafield tag="795" ind1="0" ind2="0"><subfield code="å">22</subfield><subfield code="a">So long, farewell</subfield></datafield><datafield tag="795" ind1="0" ind2="0"><subfield code="å">23</subfield><subfield code="a">Climb ev'ry mountain</subfield></datafield><datafield tag="795" ind1="0" ind2="0"><subfield code="å">24</subfield><subfield code="a">No way to stop it</subfield></datafield><datafield tag="795" ind1="0" ind2="0"><subfield code="å">25</subfield><subfield code="a">Something good</subfield></datafield><datafield tag="795" ind1="0" ind2="0"><subfield code="å">26</subfield><subfield code="a">Processional &amp; Maria</subfield><subfield code="u">The ¤wedding</subfield></datafield><datafield tag="795" ind1="0" ind2="0"><subfield code="å">27</subfield><subfield code="a">Reprise: Sixteen going on seventeen</subfield></datafield><datafield tag="795" ind1="0" ind2="0"><subfield code="å">28</subfield><subfield code="a">Reprise: Do-re-mi</subfield><subfield code="u">The ¤concert</subfield></datafield><datafield tag="795" ind1="0" ind2="0"><subfield code="å">29</subfield><subfield code="a">Edelweiss</subfield><subfield code="u">The ¤concert</subfield></datafield><datafield tag="795" ind1="0" ind2="0"><subfield code="å">30</subfield><subfield code="a">Reprise: So long, farewell</subfield><subfield code="u">The ¤concert</subfield></datafield><datafield tag="795" ind1="0" ind2="0"><subfield code="å">31</subfield><subfield code="a">Finale ultimo: Climb ev'ry mountain</subfield></datafield><datafield tag="795" ind1="0" ind2="0"><subfield code="å">32</subfield><subfield code="a">End credits</subfield></datafield><datafield tag="795" ind1="0" ind2="0"><subfield code="å">99</subfield><subfield code="y">0</subfield><subfield code="a">16 going on 17</subfield></datafield><datafield tag="996" ind1="0" ind2="0"><subfield code="a">746100</subfield></datafield></record>