
<marcx:record format="danMARC2" type="Bibliographic" xmlns:marcx="info:lc/xmlns/marcxchange-v1"><marcx:leader>00000n    2200000   4500</marcx:leader><marcx:datafield tag="001" ind1="0" ind2="0"><marcx:subfield code="a">22371096</marcx:subfield><marcx:subfield code="b">191919</marcx:subfield><marcx:subfield code="c">19990216155427</marcx:subfield><marcx:subfield code="d">19990215</marcx:subfield><marcx:subfield code="f">a</marcx:subfield></marcx:datafield><marcx:datafield tag="004" ind1="0" ind2="0"><marcx:subfield code="r">n</marcx:subfield><marcx:subfield code="a">e</marcx:subfield></marcx:datafield><marcx:datafield tag="008" ind1="0" ind2="0"><marcx:subfield code="t">m</marcx:subfield><marcx:subfield code="u">f</marcx:subfield><marcx:subfield code="a">1998</marcx:subfield><marcx:subfield code="b">dk</marcx:subfield><marcx:subfield code="d">å</marcx:subfield><marcx:subfield code="l">eng</marcx:subfield><marcx:subfield code="v">0</marcx:subfield></marcx:datafield><marcx:datafield tag="009" ind1="0" ind2="0"><marcx:subfield code="a">a</marcx:subfield><marcx:subfield code="g">xx</marcx:subfield></marcx:datafield><marcx:datafield tag="021" ind1="0" ind2="0"><marcx:subfield code="c">Hf.</marcx:subfield><marcx:subfield code="d">pris og eksp. ikke oplyst</marcx:subfield></marcx:datafield><marcx:datafield tag="032" ind1="0" ind2="0"><marcx:subfield code="a">DBF199910</marcx:subfield></marcx:datafield><marcx:datafield tag="041" ind1="0" ind2="0"><marcx:subfield code="a">eng</marcx:subfield><marcx:subfield code="c">dan</marcx:subfield></marcx:datafield><marcx:datafield tag="100" ind1="0" ind2="0"><marcx:subfield code="0"/><marcx:subfield code="a">Dyssel</marcx:subfield><marcx:subfield code="h">Arendse</marcx:subfield></marcx:datafield><marcx:datafield tag="241" ind1="0" ind2="0"><marcx:subfield code="a">Egnens kirker</marcx:subfield></marcx:datafield><marcx:datafield tag="245" ind1="0" ind2="0"><marcx:subfield code="a">Local churches</marcx:subfield><marcx:subfield code="c">The deanery of Ribe and Bramming</marcx:subfield><marcx:subfield code="f">drawings... : Jørgen Dich</marcx:subfield><marcx:subfield code="e">text: Arendse Dyssel</marcx:subfield><marcx:subfield code="f">editors: Elin Hjuler Sørensen, Jørgen Hanssen and Arendse Dyssel</marcx:subfield></marcx:datafield><marcx:datafield tag="260" ind1="0" ind2="0"><marcx:subfield code="a">Ribe</marcx:subfield><marcx:subfield code="b">Ribe Tourist Bureau</marcx:subfield><marcx:subfield code="c">[1998]</marcx:subfield><marcx:subfield code="k">Grafisk Produktion Ribe Aps, REX</marcx:subfield></marcx:datafield><marcx:datafield tag="300" ind1="0" ind2="0"><marcx:subfield code="a">28 sider</marcx:subfield><marcx:subfield code="b">ill.</marcx:subfield></marcx:datafield><marcx:datafield tag="652" ind1="0" ind2="0"><marcx:subfield code="m">71.864</marcx:subfield><marcx:subfield code="b">Ribe</marcx:subfield></marcx:datafield><marcx:datafield tag="652" ind1="0" ind2="0"><marcx:subfield code="p">71.864</marcx:subfield><marcx:subfield code="b">Bramming</marcx:subfield></marcx:datafield><marcx:datafield tag="710" ind1="0" ind2="0"><marcx:subfield code="a">Ribe Turistbureau</marcx:subfield></marcx:datafield><marcx:datafield tag="910" ind1="0" ind2="0"><marcx:subfield code="a">Ribe Tourist Bureau</marcx:subfield><marcx:subfield code="z">910</marcx:subfield></marcx:datafield><marcx:datafield tag="996" ind1="0" ind2="0"><marcx:subfield code="a">DBC</marcx:subfield></marcx:datafield></marcx:record>