
<record xsi:schemaLocation="http://www.loc.gov/standards/iso25577/marcxchange-1-1.xsd" xmlns="info:lc/xmlns/marcxchange-v1" xmlns:xsi="http://www.w3.org/2001/XMLSchema-instance"><leader>00000n    2200000   4500</leader><datafield tag="001" ind1="0" ind2="0"><subfield code="a">45706257</subfield><subfield code="b">191919</subfield><subfield code="c">20150827141241</subfield><subfield code="d">20150827</subfield><subfield code="f">a</subfield></datafield><datafield tag="002" ind1="0" ind2="0"><subfield code="b">746100</subfield><subfield code="c">94517273</subfield><subfield code="x">74610094517273</subfield></datafield><datafield tag="004" ind1="0" ind2="0"><subfield code="a">e</subfield><subfield code="r">c</subfield></datafield><datafield tag="008" ind1="0" ind2="0"><subfield code="t">s</subfield><subfield code="u">f</subfield><subfield code="a">2011</subfield><subfield code="b">xx</subfield><subfield code="l">eng</subfield><subfield code="v">0</subfield></datafield><datafield tag="009" ind1="0" ind2="0"><subfield code="a">s</subfield><subfield code="g">xc</subfield><subfield code="b">a</subfield><subfield code="h">xx</subfield></datafield><datafield tag="023" ind1="0" ind2="0"><subfield code="a">0814281010104</subfield></datafield><datafield tag="039" ind1="0" ind2="0"><subfield code="a">bea</subfield></datafield><datafield tag="245" ind1="0" ind2="0"><subfield code="a">So80s (soeighties) 5</subfield><subfield code="e">mixed by Blank &amp; Jones</subfield></datafield><datafield tag="260" ind1="0" ind2="0"><subfield code="b">Soundcolours</subfield><subfield code="c">p 2011</subfield></datafield><datafield tag="300" ind1="0" ind2="0"><subfield code="n">3 cd'er</subfield><subfield code="d">1 bilag</subfield></datafield><datafield tag="512" ind1="0" ind2="0"><subfield code="a">På omslaget: The finest collection of original classic 12" club &amp; extended mixes</subfield></datafield><datafield tag="531" ind1="0" ind2="0"><subfield code="a">Indhold:</subfield></datafield><datafield tag="538" ind1="0" ind2="0"><subfield code="f">Soundcolours</subfield><subfield code="g">SC 0324</subfield></datafield><datafield tag="652" ind1="0" ind2="0"><subfield code="m">78.7941</subfield></datafield><datafield tag="666" ind1="0" ind2="0"><subfield code="m">pop</subfield><subfield code="m">rock</subfield><subfield code="m">techno</subfield><subfield code="n">vokal</subfield><subfield code="p">1980-1989</subfield><subfield code="p">2010-2019</subfield><subfield code="l">Europa</subfield><subfield code="l">USA</subfield></datafield><datafield tag="666" ind1="0" ind2="0"><subfield code="o">remixes</subfield></datafield><datafield tag="710" ind1="0" ind2="0"><subfield code="å">1</subfield><subfield code="a">Blank &amp; Jones</subfield></datafield><datafield tag="745" ind1="0" ind2="0"><subfield code="a">So 80s (so eighties) 5</subfield></datafield><datafield tag="770" ind1="0" ind2="0"><subfield code="å">14</subfield><subfield code="a">Springfield</subfield><subfield code="h">Rick</subfield></datafield><datafield tag="770" ind1="0" ind2="0"><subfield code="å">15</subfield><subfield code="a">Head</subfield><subfield code="h">Murray</subfield></datafield><datafield tag="770" ind1="0" ind2="0"><subfield code="å">16</subfield><subfield code="a">Carpenter</subfield><subfield code="h">John</subfield></datafield><datafield tag="770" ind1="0" ind2="0"><subfield code="å">22</subfield><subfield code="a">Paris</subfield><subfield code="h">Ryan</subfield></datafield><datafield tag="770" ind1="0" ind2="0"><subfield code="å">23</subfield><subfield code="a">Robin</subfield><subfield code="h">Cock</subfield></datafield><datafield tag="770" ind1="0" ind2="0"><subfield code="å">30</subfield><subfield code="a">Stewart</subfield><subfield code="h">Amii</subfield></datafield><datafield tag="770" ind1="0" ind2="0"><subfield code="å">31</subfield><subfield code="a">Pitt</subfield><subfield code="h">William</subfield></datafield><datafield tag="770" ind1="0" ind2="0"><subfield code="å">39</subfield><subfield code="a">Paris</subfield><subfield code="h">Ryan</subfield></datafield><datafield tag="770" ind1="0" ind2="0"><subfield code="å">44</subfield><subfield code="a">Robin</subfield><subfield code="h">Cock</subfield></datafield><datafield tag="770" ind1="0" ind2="0"><subfield code="å">47</subfield><subfield code="a">Head</subfield><subfield code="h">Murray</subfield></datafield><datafield tag="770" ind1="0" ind2="0"><subfield code="å">49</subfield><subfield code="a">Carpenter</subfield><subfield code="h">John</subfield></datafield><datafield tag="770" ind1="0" ind2="0"><subfield code="å">53</subfield><subfield code="a">Springfield</subfield><subfield code="h">Rick</subfield></datafield><datafield tag="780" ind1="0" ind2="0"><subfield code="å">11</subfield><subfield code="a">Thompson Twins</subfield></datafield><datafield tag="780" ind1="0" ind2="0"><subfield code="å">12</subfield><subfield code="a">R.A.F.</subfield></datafield><datafield tag="780" ind1="0" ind2="0"><subfield code="å">13</subfield><subfield code="a">Bananarama</subfield></datafield><datafield tag="780" ind1="0" ind2="0"><subfield code="å">17</subfield><subfield code="a">Liaisons Dangereuses</subfield></datafield><datafield tag="780" ind1="0" ind2="0"><subfield code="å">18</subfield><subfield code="a">New Order</subfield></datafield><datafield tag="780" ind1="0" ind2="0"><subfield code="å">19</subfield><subfield code="a">Fun Fun</subfield></datafield><datafield tag="780" ind1="0" ind2="0"><subfield code="å">20</subfield><subfield code="a">Tears for Fears</subfield></datafield><datafield tag="780" ind1="0" ind2="0"><subfield code="å">21</subfield><subfield code="a">ABC</subfield></datafield><datafield tag="780" ind1="0" ind2="0"><subfield code="å">24</subfield><subfield code="a">Fine Young Cannibals</subfield></datafield><datafield tag="780" ind1="0" ind2="0"><subfield code="å">25</subfield><subfield code="a">Duran Duran</subfield></datafield><datafield tag="780" ind1="0" ind2="0"><subfield code="å">26</subfield><subfield code="a">Deacon Blue</subfield></datafield><datafield tag="780" ind1="0" ind2="0"><subfield code="å">27</subfield><subfield code="a">Icehouse</subfield></datafield><datafield tag="780" ind1="0" ind2="0"><subfield code="å">28</subfield><subfield code="a">Rheingold</subfield></datafield><datafield tag="780" ind1="0" ind2="0"><subfield code="å">29</subfield><subfield code="a">A ¤Flock Of Seagulls</subfield></datafield><datafield tag="780" ind1="0" ind2="0"><subfield code="å">32</subfield><subfield code="a">Icehouse</subfield></datafield><datafield tag="780" ind1="0" ind2="0"><subfield code="å">33</subfield><subfield code="a">New Order</subfield></datafield><datafield tag="780" ind1="0" ind2="0"><subfield code="å">34</subfield><subfield code="a">Humpe &amp; Humpe</subfield></datafield><datafield tag="780" ind1="0" ind2="0"><subfield code="å">35</subfield><subfield code="a">Bananarama</subfield></datafield><datafield tag="780" ind1="0" ind2="0"><subfield code="å">36</subfield><subfield code="a">A ¤Flock Of Seagulls</subfield></datafield><datafield tag="780" ind1="0" ind2="0"><subfield code="å">37</subfield><subfield code="a">Tears for Fears</subfield></datafield><datafield tag="780" ind1="0" ind2="0"><subfield code="å">38</subfield><subfield code="a">Beautiful Ballet</subfield></datafield><datafield tag="780" ind1="0" ind2="0"><subfield code="å">40</subfield><subfield code="a">Thompson Twins</subfield></datafield><datafield tag="780" ind1="0" ind2="0"><subfield code="å">41</subfield><subfield code="a">The ¤Style Council</subfield></datafield><datafield tag="780" ind1="0" ind2="0"><subfield code="å">42</subfield><subfield code="a">Prefab Sprout</subfield></datafield><datafield tag="780" ind1="0" ind2="0"><subfield code="å">43</subfield><subfield code="a">ABC</subfield></datafield><datafield tag="780" ind1="0" ind2="0"><subfield code="å">45</subfield><subfield code="a">Duran Duran</subfield></datafield><datafield tag="780" ind1="0" ind2="0"><subfield code="å">46</subfield><subfield code="a">Fake</subfield></datafield><datafield tag="780" ind1="0" ind2="0"><subfield code="å">48</subfield><subfield code="a">Fun Fun</subfield></datafield><datafield tag="780" ind1="0" ind2="0"><subfield code="å">50</subfield><subfield code="a">Deacon Blue</subfield></datafield><datafield tag="780" ind1="0" ind2="0"><subfield code="å">51</subfield><subfield code="a">Fine Young Cannibals</subfield></datafield><datafield tag="780" ind1="0" ind2="0"><subfield code="å">52</subfield><subfield code="a">Liaisons Dangereuses</subfield></datafield><datafield tag="780" ind1="0" ind2="0"><subfield code="å">54</subfield><subfield code="a">Rheingold</subfield></datafield><datafield tag="795" ind1="0" ind2="0"><subfield code="å">11</subfield><subfield code="a">Hold me now (extended version)</subfield></datafield><datafield tag="795" ind1="0" ind2="0"><subfield code="å">12</subfield><subfield code="a">Self control (full length version)</subfield></datafield><datafield tag="795" ind1="0" ind2="0"><subfield code="å">13</subfield><subfield code="a">Cruel summer (special disco version)</subfield></datafield><datafield tag="795" ind1="0" ind2="0"><subfield code="å">14</subfield><subfield code="a">Celebrate youth (dance mix)</subfield></datafield><datafield tag="795" ind1="0" ind2="0"><subfield code="å">15</subfield><subfield code="a">One night in Bangkok (12" mix)</subfield></datafield><datafield tag="795" ind1="0" ind2="0"><subfield code="å">16</subfield><subfield code="a">The ¤end (disco version)</subfield></datafield><datafield tag="795" ind1="0" ind2="0"><subfield code="å">17</subfield><subfield code="a">Los ¤niños del parque (12" mix)</subfield></datafield><datafield tag="795" ind1="0" ind2="0"><subfield code="å">18</subfield><subfield code="a">True faith (original 12" version)</subfield></datafield><datafield tag="795" ind1="0" ind2="0"><subfield code="å">19</subfield><subfield code="a">Happy station (scratch mix extended)</subfield></datafield><datafield tag="795" ind1="0" ind2="0"><subfield code="å">20</subfield><subfield code="a">Mad world (full length version)</subfield></datafield><datafield tag="795" ind1="0" ind2="0"><subfield code="å">21</subfield><subfield code="a">The ¤look of love (parts one &amp; two)</subfield></datafield><datafield tag="795" ind1="0" ind2="0"><subfield code="å">22</subfield><subfield code="a">Dolce vita (original 12" version)</subfield></datafield><datafield tag="795" ind1="0" ind2="0"><subfield code="å">23</subfield><subfield code="a">Just around the corner (special version)</subfield></datafield><datafield tag="795" ind1="0" ind2="0"><subfield code="å">24</subfield><subfield code="a">Ever fallen in love (Arthur Baker's club senseless)</subfield></datafield><datafield tag="795" ind1="0" ind2="0"><subfield code="å">25</subfield><subfield code="a">Hungry like the wolf (night version)</subfield></datafield><datafield tag="795" ind1="0" ind2="0"><subfield code="å">26</subfield><subfield code="a">Real gone kid (extended version)</subfield></datafield><datafield tag="795" ind1="0" ind2="0"><subfield code="å">27</subfield><subfield code="a">Hey little girl (special club mix)</subfield></datafield><datafield tag="795" ind1="0" ind2="0"><subfield code="å">28</subfield><subfield code="a">Dreiklangsdimensionen (12" version)</subfield><subfield code="e">re-edited by Blank &amp; Jones</subfield></datafield><datafield tag="795" ind1="0" ind2="0"><subfield code="å">29</subfield><subfield code="a">The ¤more you live, the more you love (7" remix)</subfield></datafield><datafield tag="795" ind1="0" ind2="0"><subfield code="å">30</subfield><subfield code="a">Friends (extended version)</subfield></datafield><datafield tag="795" ind1="0" ind2="0"><subfield code="å">31</subfield><subfield code="a">City lights (extended version)</subfield></datafield><datafield tag="795" ind1="0" ind2="0"><subfield code="å">32</subfield><subfield code="a">Hey little girl (special club mix)</subfield></datafield><datafield tag="795" ind1="0" ind2="0"><subfield code="å">33</subfield><subfield code="a">True faith (original 12" version)</subfield></datafield><datafield tag="795" ind1="0" ind2="0"><subfield code="å">34</subfield><subfield code="a">Careless love (extended version)</subfield></datafield><datafield tag="795" ind1="0" ind2="0"><subfield code="å">35</subfield><subfield code="a">Cruel summer (special disco version)</subfield></datafield><datafield tag="795" ind1="0" ind2="0"><subfield code="å">36</subfield><subfield code="a">The ¤more you live, the more you love (7" remix)</subfield></datafield><datafield tag="795" ind1="0" ind2="0"><subfield code="å">37</subfield><subfield code="a">Mad world (full length version)</subfield></datafield><datafield tag="795" ind1="0" ind2="0"><subfield code="å">38</subfield><subfield code="a">Energy (special disco version)</subfield></datafield><datafield tag="795" ind1="0" ind2="0"><subfield code="å">39</subfield><subfield code="a">Dolce vita (original 12" version)</subfield></datafield><datafield tag="795" ind1="0" ind2="0"><subfield code="å">40</subfield><subfield code="a">Hold me now (extended version)</subfield></datafield><datafield tag="795" ind1="0" ind2="0"><subfield code="å">41</subfield><subfield code="a">The ¤cost of loving (12" version)</subfield></datafield><datafield tag="795" ind1="0" ind2="0"><subfield code="å">42</subfield><subfield code="a">When love breaks down (album version)</subfield></datafield><datafield tag="795" ind1="0" ind2="0"><subfield code="å">43</subfield><subfield code="a">The ¤look of love (parts one &amp; two)</subfield></datafield><datafield tag="795" ind1="0" ind2="0"><subfield code="å">44</subfield><subfield code="a">Just around the corner (special version)</subfield></datafield><datafield tag="795" ind1="0" ind2="0"><subfield code="å">45</subfield><subfield code="a">Hungry like the wolf (night version)</subfield></datafield><datafield tag="795" ind1="0" ind2="0"><subfield code="å">46</subfield><subfield code="a">Donna Rouge (original extended version)</subfield></datafield><datafield tag="795" ind1="0" ind2="0"><subfield code="å">47</subfield><subfield code="a">One night in Bangkok (12" mix)</subfield></datafield><datafield tag="795" ind1="0" ind2="0"><subfield code="å">48</subfield><subfield code="a">Happy station (scratch mix extended)</subfield></datafield><datafield tag="795" ind1="0" ind2="0"><subfield code="å">49</subfield><subfield code="a">The ¤end (disco version)</subfield></datafield><datafield tag="795" ind1="0" ind2="0"><subfield code="å">50</subfield><subfield code="a">Real gone kid (extended version)</subfield></datafield><datafield tag="795" ind1="0" ind2="0"><subfield code="å">51</subfield><subfield code="a">Ever fallen in love (Arthur Baker's club senseless)</subfield></datafield><datafield tag="795" ind1="0" ind2="0"><subfield code="å">52</subfield><subfield code="a">Los ¤niños del parque (12" mix)</subfield></datafield><datafield tag="795" ind1="0" ind2="0"><subfield code="å">53</subfield><subfield code="a">Celebrate youth (dance mix)</subfield></datafield><datafield tag="795" ind1="0" ind2="0"><subfield code="å">54</subfield><subfield code="a">Dreiklangsdimensionen (12" version)</subfield><subfield code="e">re-edited by Blank &amp; Jones</subfield></datafield><datafield tag="795" ind1="0" ind2="0"><subfield code="å">99</subfield><subfield code="y">0</subfield><subfield code="a">1 night in Bangkok</subfield></datafield><datafield tag="910" ind1="0" ind2="0"><subfield code="a">Blank and Jones</subfield><subfield code="x">se</subfield><subfield code="z">710/1</subfield></datafield><datafield tag="996" ind1="0" ind2="0"><subfield code="a">746100</subfield></datafield></record>