
<record xsi:schemaLocation="http://www.loc.gov/standards/iso25577/marcxchange-1-1.xsd" xmlns="info:lc/xmlns/marcxchange-v1" xmlns:xsi="http://www.w3.org/2001/XMLSchema-instance"><leader>00000n    2200000   4500</leader><datafield tag="001" ind1="0" ind2="0"><subfield code="a">45706265</subfield><subfield code="b">191919</subfield><subfield code="c">20150827141243</subfield><subfield code="d">20150827</subfield><subfield code="f">a</subfield></datafield><datafield tag="002" ind1="0" ind2="0"><subfield code="b">746100</subfield><subfield code="c">94517311</subfield><subfield code="x">74610094517311</subfield></datafield><datafield tag="004" ind1="0" ind2="0"><subfield code="a">e</subfield><subfield code="r">c</subfield></datafield><datafield tag="008" ind1="0" ind2="0"><subfield code="t">s</subfield><subfield code="u">f</subfield><subfield code="a">2013</subfield><subfield code="b">xx</subfield><subfield code="l">eng</subfield><subfield code="v">0</subfield></datafield><datafield tag="009" ind1="0" ind2="0"><subfield code="a">s</subfield><subfield code="g">xc</subfield><subfield code="b">a</subfield><subfield code="h">xx</subfield></datafield><datafield tag="023" ind1="0" ind2="0"><subfield code="a">0814281010289</subfield></datafield><datafield tag="039" ind1="0" ind2="0"><subfield code="a">bea</subfield></datafield><datafield tag="245" ind1="0" ind2="0"><subfield code="a">So80s (soeighties) 8</subfield><subfield code="e">mixed by Blank &amp; Jones</subfield></datafield><datafield tag="260" ind1="0" ind2="0"><subfield code="b">Soundcolours</subfield><subfield code="c">p 2013</subfield></datafield><datafield tag="300" ind1="0" ind2="0"><subfield code="n">3 cd'er</subfield><subfield code="d">1 bilag</subfield></datafield><datafield tag="512" ind1="0" ind2="0"><subfield code="a">På omslaget: The finest collection of original classic 12" club &amp; extended mixes</subfield></datafield><datafield tag="531" ind1="0" ind2="0"><subfield code="a">Indhold:</subfield></datafield><datafield tag="538" ind1="0" ind2="0"><subfield code="f">Soundcolours</subfield><subfield code="g">SC 0337</subfield></datafield><datafield tag="652" ind1="0" ind2="0"><subfield code="m">78.7941</subfield></datafield><datafield tag="666" ind1="0" ind2="0"><subfield code="m">pop</subfield><subfield code="m">rock</subfield><subfield code="m">techno</subfield><subfield code="n">vokal</subfield><subfield code="p">1980-1989</subfield><subfield code="p">2010-2019</subfield><subfield code="l">Europa</subfield><subfield code="l">USA</subfield></datafield><datafield tag="666" ind1="0" ind2="0"><subfield code="o">remixes</subfield></datafield><datafield tag="700" ind1="0" ind2="0"><subfield code="a">Michael</subfield><subfield code="h">George</subfield></datafield><datafield tag="700" ind1="0" ind2="0"><subfield code="a">Colonel Mite</subfield></datafield><datafield tag="710" ind1="0" ind2="0"><subfield code="å">1</subfield><subfield code="a">Blank &amp; Jones</subfield></datafield><datafield tag="745" ind1="0" ind2="0"><subfield code="a">So 80s (so eighties) 8</subfield></datafield><datafield tag="770" ind1="0" ind2="0"><subfield code="å">11</subfield><subfield code="a">Michael</subfield><subfield code="h">George</subfield></datafield><datafield tag="770" ind1="0" ind2="0"><subfield code="å">14</subfield><subfield code="a">Kamen</subfield><subfield code="h">Nick</subfield></datafield><datafield tag="770" ind1="0" ind2="0"><subfield code="å">24</subfield><subfield code="a">Wiedlin</subfield><subfield code="h">Jane</subfield></datafield><datafield tag="770" ind1="0" ind2="0"><subfield code="å">25</subfield><subfield code="a">Tiffany</subfield></datafield><datafield tag="770" ind1="0" ind2="0"><subfield code="å">26</subfield><subfield code="a">Winwood</subfield><subfield code="h">Steve</subfield></datafield><datafield tag="770" ind1="0" ind2="0"><subfield code="å">27</subfield><subfield code="a">Marietta</subfield></datafield><datafield tag="770" ind1="0" ind2="0"><subfield code="å">28</subfield><subfield code="a">Cretu</subfield><subfield code="h">Michael</subfield></datafield><datafield tag="770" ind1="0" ind2="0"><subfield code="å">33</subfield><subfield code="a">Franklin</subfield><subfield code="h">Aretha</subfield></datafield><datafield tag="770" ind1="0" ind2="0"><subfield code="å">35</subfield><subfield code="a">Brown</subfield><subfield code="h">Jocelyn</subfield></datafield><datafield tag="770" ind1="0" ind2="0"><subfield code="å">39</subfield><subfield code="a">Ferry</subfield><subfield code="h">Bryan</subfield></datafield><datafield tag="770" ind1="0" ind2="0"><subfield code="å">40</subfield><subfield code="a">Hammer</subfield><subfield code="h">Jan</subfield></datafield><datafield tag="770" ind1="0" ind2="0"><subfield code="å">42</subfield><subfield code="a">Robin</subfield><subfield code="h">Cock</subfield></datafield><datafield tag="780" ind1="0" ind2="0"><subfield code="å">12</subfield><subfield code="a">Bananarama</subfield></datafield><datafield tag="780" ind1="0" ind2="0"><subfield code="å">13</subfield><subfield code="a">Level 42</subfield></datafield><datafield tag="780" ind1="0" ind2="0"><subfield code="å">15</subfield><subfield code="a">Breakfast Club</subfield></datafield><datafield tag="780" ind1="0" ind2="0"><subfield code="å">16</subfield><subfield code="a">Wet Wet Wet</subfield></datafield><datafield tag="780" ind1="0" ind2="0"><subfield code="å">17</subfield><subfield code="a">The ¤Romantics</subfield></datafield><datafield tag="780" ind1="0" ind2="0"><subfield code="å">18</subfield><subfield code="a">Tears for Fears</subfield></datafield><datafield tag="780" ind1="0" ind2="0"><subfield code="å">19</subfield><subfield code="a">Then Jerico</subfield></datafield><datafield tag="780" ind1="0" ind2="0"><subfield code="å">20</subfield><subfield code="a">Simple Minds</subfield></datafield><datafield tag="780" ind1="0" ind2="0"><subfield code="å">21</subfield><subfield code="a">The ¤Adventures</subfield></datafield><datafield tag="780" ind1="0" ind2="0"><subfield code="å">22</subfield><subfield code="a">Katrina and the Waves</subfield></datafield><datafield tag="780" ind1="0" ind2="0"><subfield code="å">23</subfield><subfield code="a">The ¤Cure</subfield></datafield><datafield tag="780" ind1="0" ind2="0"><subfield code="å">29</subfield><subfield code="a">Space Monkey</subfield></datafield><datafield tag="780" ind1="0" ind2="0"><subfield code="å">30</subfield><subfield code="a">Men without Hats</subfield></datafield><datafield tag="780" ind1="0" ind2="0"><subfield code="å">31</subfield><subfield code="a">Ultravox</subfield></datafield><datafield tag="780" ind1="0" ind2="0"><subfield code="å">32</subfield><subfield code="a">Bronski Beat</subfield></datafield><datafield tag="780" ind1="0" ind2="0"><subfield code="å">34</subfield><subfield code="a">Bad Manners</subfield></datafield><datafield tag="780" ind1="0" ind2="0"><subfield code="å">36</subfield><subfield code="a">Kissing the Pink</subfield></datafield><datafield tag="780" ind1="0" ind2="0"><subfield code="å">37</subfield><subfield code="a">Lotus Eaters</subfield></datafield><datafield tag="780" ind1="0" ind2="0"><subfield code="å">38</subfield><subfield code="a">The ¤Dream Academy</subfield></datafield><datafield tag="780" ind1="0" ind2="0"><subfield code="å">41</subfield><subfield code="a">Starship</subfield></datafield><datafield tag="780" ind1="0" ind2="0"><subfield code="å">43</subfield><subfield code="a">Scritti Politti</subfield></datafield><datafield tag="780" ind1="0" ind2="0"><subfield code="å">44</subfield><subfield code="a">Yazz</subfield></datafield><datafield tag="795" ind1="0" ind2="0"><subfield code="å">11</subfield><subfield code="a">I want your sex (monogamy mix)</subfield></datafield><datafield tag="795" ind1="0" ind2="0"><subfield code="å">12</subfield><subfield code="a">Robert de Niro's waiting (special disco mix)</subfield></datafield><datafield tag="795" ind1="0" ind2="0"><subfield code="å">13</subfield><subfield code="a">Lessons in love (extended version)</subfield></datafield><datafield tag="795" ind1="0" ind2="0"><subfield code="å">14</subfield><subfield code="a">Each time you break my heart (dance mix)</subfield></datafield><datafield tag="795" ind1="0" ind2="0"><subfield code="å">15</subfield><subfield code="a">Right on track (midtown mix)</subfield></datafield><datafield tag="795" ind1="0" ind2="0"><subfield code="å">16</subfield><subfield code="a">Wishing I was lucky (long version)</subfield></datafield><datafield tag="795" ind1="0" ind2="0"><subfield code="å">17</subfield><subfield code="a">Talking in your sleep (special remix)</subfield></datafield><datafield tag="795" ind1="0" ind2="0"><subfield code="å">18</subfield><subfield code="a">Shout (extended mix)</subfield></datafield><datafield tag="795" ind1="0" ind2="0"><subfield code="å">19</subfield><subfield code="a">Big area (lost mix)</subfield></datafield><datafield tag="795" ind1="0" ind2="0"><subfield code="å">20</subfield><subfield code="a">All the things she said (extended)</subfield></datafield><datafield tag="795" ind1="0" ind2="0"><subfield code="å">21</subfield><subfield code="a">Two rivers (extended mix)</subfield></datafield><datafield tag="795" ind1="0" ind2="0"><subfield code="å">22</subfield><subfield code="a">Walking on sunshine (extended mix)</subfield></datafield><datafield tag="795" ind1="0" ind2="0"><subfield code="å">23</subfield><subfield code="a">Why can't I be you (12" remix)</subfield></datafield><datafield tag="795" ind1="0" ind2="0"><subfield code="å">24</subfield><subfield code="a">Rush hour (extended remix)</subfield></datafield><datafield tag="795" ind1="0" ind2="0"><subfield code="å">25</subfield><subfield code="a">I think we're alone now (extended 12" version)</subfield></datafield><datafield tag="795" ind1="0" ind2="0"><subfield code="å">26</subfield><subfield code="a">Valerie (remix)</subfield></datafield><datafield tag="795" ind1="0" ind2="0"><subfield code="å">27</subfield><subfield code="a">Fire &amp; ice (12" special ski dance mix)</subfield></datafield><datafield tag="795" ind1="0" ind2="0"><subfield code="å">28</subfield><subfield code="a">Gambit (extended version)</subfield></datafield><datafield tag="795" ind1="0" ind2="0"><subfield code="å">29</subfield><subfield code="a">Can't stop running (powerblast mix)</subfield></datafield><datafield tag="795" ind1="0" ind2="0"><subfield code="å">30</subfield><subfield code="a">Pop goes the world (dance mix)</subfield></datafield><datafield tag="795" ind1="0" ind2="0"><subfield code="å">31</subfield><subfield code="a">Dancing with tears in my eyes (U.S. special re-mix)</subfield></datafield><datafield tag="795" ind1="0" ind2="0"><subfield code="å">32</subfield><subfield code="a">Hit that perfect beat (instant mix)</subfield></datafield><datafield tag="795" ind1="0" ind2="0"><subfield code="å">33</subfield><subfield code="a">I knew you were waiting (for me) (extended remix)</subfield><subfield code="e">Aretha Franklin &amp; George Michael</subfield></datafield><datafield tag="795" ind1="0" ind2="0"><subfield code="å">34</subfield><subfield code="a">What the papers say (12" remix)</subfield></datafield><datafield tag="795" ind1="0" ind2="0"><subfield code="å">35</subfield><subfield code="a">Love's gonna get you (dance mix)</subfield></datafield><datafield tag="795" ind1="0" ind2="0"><subfield code="å">36</subfield><subfield code="a">Never too late to love you (extended mix)</subfield></datafield><datafield tag="795" ind1="0" ind2="0"><subfield code="å">37</subfield><subfield code="a">The ¤first picture of you (extended version)</subfield></datafield><datafield tag="795" ind1="0" ind2="0"><subfield code="å">38</subfield><subfield code="a">The ¤love parade (12")</subfield></datafield><datafield tag="795" ind1="0" ind2="0"><subfield code="å">39</subfield><subfield code="a">Is your love strong enough? (long version)</subfield></datafield><datafield tag="795" ind1="0" ind2="0"><subfield code="å">40</subfield><subfield code="a">Crockett's theme (instrumental) (extended 12" mix)</subfield></datafield><datafield tag="795" ind1="0" ind2="0"><subfield code="å">41</subfield><subfield code="a">Sara (full length version)</subfield></datafield><datafield tag="795" ind1="0" ind2="0"><subfield code="å">42</subfield><subfield code="a">When your heart is weak (dance mix)</subfield></datafield><datafield tag="795" ind1="0" ind2="0"><subfield code="å">43</subfield><subfield code="a">The ¤world girl</subfield><subfield code="7">/</subfield><subfield code="a">Flesh &amp; blood (version)</subfield></datafield><datafield tag="795" ind1="0" ind2="0"><subfield code="å">44</subfield><subfield code="a">Fine time (12" version)</subfield><subfield code="e">feat. Colonel Mite</subfield></datafield><datafield tag="795" ind1="0" ind2="0"><subfield code="å">99</subfield><subfield code="y">0</subfield><subfield code="a">2 rivers</subfield><subfield code="a">fire and ice</subfield><subfield code="a">flesh and blood</subfield></datafield><datafield tag="900" ind1="0" ind2="0"><subfield code="a">Cretu</subfield><subfield code="x">se</subfield><subfield code="z">770/28</subfield></datafield><datafield tag="910" ind1="0" ind2="0"><subfield code="a">Blank and Jones</subfield><subfield code="x">se</subfield><subfield code="z">710/1</subfield></datafield><datafield tag="910" ind1="0" ind2="0"><subfield code="a">Katrina &amp; the Waves</subfield><subfield code="x">se</subfield><subfield code="z">780/22</subfield></datafield><datafield tag="996" ind1="0" ind2="0"><subfield code="a">746100</subfield></datafield></record>