
<marcx:record format="danMARC2" type="Bibliographic" xmlns:marcx="info:lc/xmlns/marcxchange-v1"><marcx:leader>00000n    2200000   4500</marcx:leader><marcx:datafield tag="001" ind1="0" ind2="0"><marcx:subfield code="a">22445324</marcx:subfield><marcx:subfield code="b">191919</marcx:subfield><marcx:subfield code="c">20000515050256</marcx:subfield><marcx:subfield code="d">19990511</marcx:subfield><marcx:subfield code="f">a</marcx:subfield></marcx:datafield><marcx:datafield tag="004" ind1="0" ind2="0"><marcx:subfield code="r">n</marcx:subfield><marcx:subfield code="a">e</marcx:subfield></marcx:datafield><marcx:datafield tag="005" ind1="0" ind2="0"><marcx:subfield code="h">e</marcx:subfield></marcx:datafield><marcx:datafield tag="008" ind1="0" ind2="0"><marcx:subfield code="t">s</marcx:subfield><marcx:subfield code="u">f</marcx:subfield><marcx:subfield code="a">1999</marcx:subfield><marcx:subfield code="b">dk</marcx:subfield><marcx:subfield code="l">eng</marcx:subfield><marcx:subfield code="v">0</marcx:subfield></marcx:datafield><marcx:datafield tag="009" ind1="0" ind2="0"><marcx:subfield code="a">s</marcx:subfield><marcx:subfield code="g">xc</marcx:subfield></marcx:datafield><marcx:datafield tag="020" ind1="0" ind2="0"><marcx:subfield code="a">dk</marcx:subfield></marcx:datafield><marcx:datafield tag="021" ind1="0" ind2="0"><marcx:subfield code="d">kr. 139,00</marcx:subfield></marcx:datafield><marcx:datafield tag="032" ind1="0" ind2="0"><marcx:subfield code="a">DMO199920</marcx:subfield><marcx:subfield code="x">BØK199902</marcx:subfield><marcx:subfield code="x">SFG199920</marcx:subfield><marcx:subfield code="x">DAT200018</marcx:subfield><marcx:subfield code="x">DAT200021</marcx:subfield></marcx:datafield><marcx:datafield tag="039" ind1="0" ind2="0"><marcx:subfield code="a">bef</marcx:subfield></marcx:datafield><marcx:datafield tag="110" ind1="0" ind2="0"><marcx:subfield code="a">Natural Born Hippies</marcx:subfield></marcx:datafield><marcx:datafield tag="245" ind1="0" ind2="0"><marcx:subfield code="a">Popshit by Natural Born Hippies</marcx:subfield><marcx:subfield code="i">written by Natural Born Hippies</marcx:subfield><marcx:subfield code="j">Natural Born Hippies (Dan Hougesen, Bo Christensen, Tom Lindby, Sune Thorbjørnsen) with Mark Wills &amp; Lutz Rahn</marcx:subfield><marcx:subfield code="i">Natural Born Hippies (Dan Hougesen, vocal ; Bo Christensen, bass ; Tom Lindby, drums ; Sune Thorbjørnsen, guitar)</marcx:subfield><marcx:subfield code="i">produced by Lutz Rahn, Mark Wills &amp; Natural Born Hippies</marcx:subfield><marcx:subfield code="i">programming &amp; keyboards Mark Wills &amp; Lutz Rahn</marcx:subfield><marcx:subfield code="i">recorded &amp; mixed by Lutz Rahn and Mark Wills</marcx:subfield><marcx:subfield code="i">assistant engineer: Florian Prengel</marcx:subfield></marcx:datafield><marcx:datafield tag="260" ind1="0" ind2="0"><marcx:subfield code="a">[Kbh.]</marcx:subfield><marcx:subfield code="b">Iceberg</marcx:subfield><marcx:subfield code="c">p 1999</marcx:subfield></marcx:datafield><marcx:datafield tag="300" ind1="0" ind2="0"><marcx:subfield code="n">1 cd</marcx:subfield></marcx:datafield><marcx:datafield tag="512" ind1="0" ind2="0"><marcx:subfield code="&amp;">0</marcx:subfield><marcx:subfield code="a">Indspillet i Hamburg</marcx:subfield></marcx:datafield><marcx:datafield tag="512" ind1="0" ind2="0"><marcx:subfield code="a">Tekster på omslag</marcx:subfield></marcx:datafield><marcx:datafield tag="531" ind1="0" ind2="0"><marcx:subfield code="a">Indhold:</marcx:subfield></marcx:datafield><marcx:datafield tag="538" ind1="0" ind2="0"><marcx:subfield code="f">Iceberg</marcx:subfield><marcx:subfield code="g">ICD CD 340</marcx:subfield></marcx:datafield><marcx:datafield tag="652" ind1="0" ind2="0"><marcx:subfield code="m">78.794</marcx:subfield><marcx:subfield code="v">5</marcx:subfield></marcx:datafield><marcx:datafield tag="666" ind1="0" ind2="0"><marcx:subfield code="0"/><marcx:subfield code="m">rock</marcx:subfield><marcx:subfield code="n">vokal</marcx:subfield><marcx:subfield code="p">1990-1999</marcx:subfield><marcx:subfield code="l">Danmark</marcx:subfield></marcx:datafield><marcx:datafield tag="700" ind1="0" ind2="0"><marcx:subfield code="a">Hougesen</marcx:subfield><marcx:subfield code="h">Dan</marcx:subfield></marcx:datafield><marcx:datafield tag="700" ind1="0" ind2="0"><marcx:subfield code="a">Lindby</marcx:subfield><marcx:subfield code="h">Tom</marcx:subfield></marcx:datafield><marcx:datafield tag="700" ind1="0" ind2="0"><marcx:subfield code="a">Christensen</marcx:subfield><marcx:subfield code="h">Bo</marcx:subfield></marcx:datafield><marcx:datafield tag="700" ind1="0" ind2="0"><marcx:subfield code="a">Thorbjørnsen</marcx:subfield><marcx:subfield code="h">Sune</marcx:subfield></marcx:datafield><marcx:datafield tag="700" ind1="0" ind2="0"><marcx:subfield code="a">Rahn</marcx:subfield><marcx:subfield code="h">Lütz</marcx:subfield></marcx:datafield><marcx:datafield tag="700" ind1="0" ind2="0"><marcx:subfield code="å">1</marcx:subfield><marcx:subfield code="a">Lui</marcx:subfield><marcx:subfield code="h">Tommy</marcx:subfield></marcx:datafield><marcx:datafield tag="700" ind1="0" ind2="0"><marcx:subfield code="a">Wills</marcx:subfield><marcx:subfield code="h">Mark</marcx:subfield></marcx:datafield><marcx:datafield tag="700" ind1="0" ind2="0"><marcx:subfield code="a">Edwards</marcx:subfield><marcx:subfield code="h">Phil</marcx:subfield></marcx:datafield><marcx:datafield tag="795" ind1="0" ind2="0"><marcx:subfield code="å">11</marcx:subfield><marcx:subfield code="a">Lovestream</marcx:subfield><marcx:subfield code="a">Lola</marcx:subfield><marcx:subfield code="u">If you ever -</marcx:subfield><marcx:subfield code="i">written by Ray Davies and rewritten and reworked by Naturnal Born Hippies</marcx:subfield><marcx:subfield code="i">string arrangements by Phil Edwards</marcx:subfield><marcx:subfield code="i">additional guitars Tommy Lui</marcx:subfield><marcx:subfield code="a">Save me</marcx:subfield><marcx:subfield code="a">Don't rehearse</marcx:subfield><marcx:subfield code="a">Jane</marcx:subfield><marcx:subfield code="a">Smile</marcx:subfield><marcx:subfield code="a">Weak as a man</marcx:subfield><marcx:subfield code="a">Strawberry girl</marcx:subfield><marcx:subfield code="a">Perfect day</marcx:subfield><marcx:subfield code="a">Then I didn't know</marcx:subfield><marcx:subfield code="a">Am I not sweet</marcx:subfield><marcx:subfield code="a">?</marcx:subfield><marcx:subfield code="a">Spiderman</marcx:subfield><marcx:subfield code="a">Them all</marcx:subfield><marcx:subfield code="a">I will get you</marcx:subfield></marcx:datafield><marcx:datafield tag="900" ind1="0" ind2="0"><marcx:subfield code="a">Christensen</marcx:subfield><marcx:subfield code="h">Tommy J.</marcx:subfield><marcx:subfield code="z">700/1</marcx:subfield></marcx:datafield><marcx:datafield tag="900" ind1="0" ind2="0"><marcx:subfield code="a">Lui Lui</marcx:subfield><marcx:subfield code="z">700/1</marcx:subfield></marcx:datafield><marcx:datafield tag="990" ind1="0" ind2="0"><marcx:subfield code="a">SFG</marcx:subfield><marcx:subfield code="b">B</marcx:subfield><marcx:subfield code="c">C</marcx:subfield><marcx:subfield code="o">199920</marcx:subfield><marcx:subfield code="t">04.06.99</marcx:subfield></marcx:datafield><marcx:datafield tag="991" ind1="0" ind2="0"><marcx:subfield code="o">\(Ulriks side 199920)\</marcx:subfield></marcx:datafield><marcx:datafield tag="996" ind1="0" ind2="0"><marcx:subfield code="a">DBC</marcx:subfield></marcx:datafield></marcx:record>