
<marcx:record format="danMARC2" type="Bibliographic" xmlns:marcx="info:lc/xmlns/marcxchange-v1"><marcx:leader>00000n    2200000   4500</marcx:leader><marcx:datafield tag="001" ind1="0" ind2="0"><marcx:subfield code="a">41976926</marcx:subfield><marcx:subfield code="b">191919</marcx:subfield><marcx:subfield code="c">19990510204111</marcx:subfield><marcx:subfield code="d">19990510</marcx:subfield><marcx:subfield code="f">a</marcx:subfield></marcx:datafield><marcx:datafield tag="002" ind1="0" ind2="0"><marcx:subfield code="b">736900</marcx:subfield><marcx:subfield code="c">90306855</marcx:subfield><marcx:subfield code="x">73690090306855</marcx:subfield></marcx:datafield><marcx:datafield tag="004" ind1="0" ind2="0"><marcx:subfield code="r">n</marcx:subfield><marcx:subfield code="a">e</marcx:subfield></marcx:datafield><marcx:datafield tag="008" ind1="0" ind2="0"><marcx:subfield code="t">s</marcx:subfield><marcx:subfield code="v">4</marcx:subfield></marcx:datafield><marcx:datafield tag="009" ind1="0" ind2="0"><marcx:subfield code="a">s</marcx:subfield><marcx:subfield code="g">xh</marcx:subfield></marcx:datafield><marcx:datafield tag="039" ind1="0" ind2="0"><marcx:subfield code="a">und</marcx:subfield></marcx:datafield><marcx:datafield tag="100" ind1="0" ind2="0"><marcx:subfield code="a">Théodorakis</marcx:subfield><marcx:subfield code="h">Mikis</marcx:subfield></marcx:datafield><marcx:datafield tag="245" ind1="0" ind2="0"><marcx:subfield code="a">Les ¤Bouzoukis de Mikis Théodorakis avec Maria Farantouri</marcx:subfield><marcx:subfield code="e">Les ¤Bouzoukis de Mikis Théodorakis med Maria Farantouri</marcx:subfield></marcx:datafield><marcx:datafield tag="260" ind1="0" ind2="0"><marcx:subfield code="b">AZ</marcx:subfield></marcx:datafield><marcx:datafield tag="531" ind1="0" ind2="0"><marcx:subfield code="a">Indhold:</marcx:subfield></marcx:datafield><marcx:datafield tag="538" ind1="0" ind2="0"><marcx:subfield code="f">AZ</marcx:subfield><marcx:subfield code="g">111694</marcx:subfield></marcx:datafield><marcx:datafield tag="652" ind1="0" ind2="0"><marcx:subfield code="m">78.797</marcx:subfield><marcx:subfield code="v">77</marcx:subfield></marcx:datafield><marcx:datafield tag="666" ind1="0" ind2="0"><marcx:subfield code="n">bouzouki</marcx:subfield><marcx:subfield code="n">vokal</marcx:subfield><marcx:subfield code="l">Grækenland</marcx:subfield></marcx:datafield><marcx:datafield tag="700" ind1="0" ind2="0"><marcx:subfield code="a">Farantouri</marcx:subfield><marcx:subfield code="h">Maria</marcx:subfield></marcx:datafield><marcx:datafield tag="710" ind1="0" ind2="0"><marcx:subfield code="a">Les ¤Bouzoukis</marcx:subfield></marcx:datafield><marcx:datafield tag="795" ind1="0" ind2="0"><marcx:subfield code="å">11</marcx:subfield><marcx:subfield code="a">Yitonia ton anghelon</marcx:subfield><marcx:subfield code="a">Balanda tou andrikou</marcx:subfield><marcx:subfield code="a">To parathiro</marcx:subfield><marcx:subfield code="a">Marino</marcx:subfield><marcx:subfield code="a">Tou mikou voria</marcx:subfield><marcx:subfield code="a">Varka sto yalo</marcx:subfield><marcx:subfield code="a">Apagoghi</marcx:subfield><marcx:subfield code="a">Sto parathiri stekossoun</marcx:subfield><marcx:subfield code="a">Mana mou ke panayia</marcx:subfield><marcx:subfield code="a">To yelasto pedi</marcx:subfield><marcx:subfield code="a">Myrtia</marcx:subfield></marcx:datafield><marcx:datafield tag="996" ind1="0" ind2="0"><marcx:subfield code="a">736900</marcx:subfield></marcx:datafield></marcx:record>