
<record xsi:schemaLocation="http://www.loc.gov/standards/iso25577/marcxchange-1-1.xsd" xmlns="info:lc/xmlns/marcxchange-v1" xmlns:xsi="http://www.w3.org/2001/XMLSchema-instance"><leader>00000n    2200000   4500</leader><datafield tag="001" ind1="0" ind2="0"><subfield code="a">45706273</subfield><subfield code="b">191919</subfield><subfield code="c">20150827141246</subfield><subfield code="d">20150827</subfield><subfield code="f">a</subfield></datafield><datafield tag="002" ind1="0" ind2="0"><subfield code="b">746100</subfield><subfield code="c">94517338</subfield><subfield code="x">74610094517338</subfield></datafield><datafield tag="004" ind1="0" ind2="0"><subfield code="a">e</subfield><subfield code="r">c</subfield></datafield><datafield tag="008" ind1="0" ind2="0"><subfield code="t">s</subfield><subfield code="u">f</subfield><subfield code="a">2011</subfield><subfield code="b">xx</subfield><subfield code="l">eng</subfield><subfield code="v">0</subfield></datafield><datafield tag="009" ind1="0" ind2="0"><subfield code="a">s</subfield><subfield code="g">xc</subfield><subfield code="b">a</subfield><subfield code="h">xx</subfield></datafield><datafield tag="023" ind1="0" ind2="0"><subfield code="a">0814281010210</subfield></datafield><datafield tag="039" ind1="0" ind2="0"><subfield code="a">bea</subfield></datafield><datafield tag="245" ind1="0" ind2="0"><subfield code="a">So80s (soeighties) 7</subfield><subfield code="u">Ibiza</subfield><subfield code="e">mixed by Blank &amp; Jones</subfield></datafield><datafield tag="260" ind1="0" ind2="0"><subfield code="b">Soundcolours</subfield><subfield code="c">p 2011</subfield></datafield><datafield tag="300" ind1="0" ind2="0"><subfield code="n">3 cd'er</subfield><subfield code="d">1 bilag</subfield></datafield><datafield tag="512" ind1="0" ind2="0"><subfield code="a">På omslaget: The finest collection of original classic 12" club &amp; extended mixes</subfield></datafield><datafield tag="531" ind1="0" ind2="0"><subfield code="a">Indhold:</subfield></datafield><datafield tag="538" ind1="0" ind2="0"><subfield code="f">Soundcolours</subfield><subfield code="g">SC 0333</subfield></datafield><datafield tag="652" ind1="0" ind2="0"><subfield code="m">78.7941</subfield></datafield><datafield tag="666" ind1="0" ind2="0"><subfield code="m">pop</subfield><subfield code="m">rock</subfield><subfield code="m">techno</subfield><subfield code="n">vokal</subfield><subfield code="p">1980-1989</subfield><subfield code="p">2010-2019</subfield><subfield code="l">Europa</subfield><subfield code="l">USA</subfield></datafield><datafield tag="666" ind1="0" ind2="0"><subfield code="o">remixes</subfield></datafield><datafield tag="700" ind1="0" ind2="0"><subfield code="a">Garrett</subfield><subfield code="h">Siedah</subfield></datafield><datafield tag="710" ind1="0" ind2="0"><subfield code="å">1</subfield><subfield code="a">Blank &amp; Jones</subfield></datafield><datafield tag="710" ind1="0" ind2="0"><subfield code="a">Pili-Pili</subfield></datafield><datafield tag="745" ind1="0" ind2="0"><subfield code="a">So 80s (so eighties) 7</subfield></datafield><datafield tag="770" ind1="0" ind2="0"><subfield code="å">11</subfield><subfield code="a">Marton</subfield><subfield code="h">Sandy</subfield></datafield><datafield tag="770" ind1="0" ind2="0"><subfield code="å">28</subfield><subfield code="a">Marton</subfield><subfield code="h">Sandy</subfield></datafield><datafield tag="770" ind1="0" ind2="0"><subfield code="å">13</subfield><subfield code="a">Bandolero</subfield></datafield><datafield tag="770" ind1="0" ind2="0"><subfield code="å">15</subfield><subfield code="a">Masakela</subfield><subfield code="h">Hugh</subfield></datafield><datafield tag="770" ind1="0" ind2="0"><subfield code="å">17</subfield><subfield code="a">Lake</subfield><subfield code="h">Duke</subfield></datafield><datafield tag="770" ind1="0" ind2="0"><subfield code="å">19</subfield><subfield code="a">Smooth</subfield><subfield code="h">Joe</subfield></datafield><datafield tag="770" ind1="0" ind2="0"><subfield code="å">20</subfield><subfield code="a">Cowley</subfield><subfield code="h">Patrick</subfield></datafield><datafield tag="770" ind1="0" ind2="0"><subfield code="å">24</subfield><subfield code="a">Piscopo</subfield><subfield code="h">Tullio de</subfield></datafield><datafield tag="770" ind1="0" ind2="0"><subfield code="å">26</subfield><subfield code="a">Esposito</subfield><subfield code="h">Tony</subfield></datafield><datafield tag="770" ind1="0" ind2="0"><subfield code="å">27</subfield><subfield code="a">Dore</subfield><subfield code="h">Valerie</subfield></datafield><datafield tag="770" ind1="0" ind2="0"><subfield code="å">29</subfield><subfield code="a">Esposito</subfield><subfield code="h">Tony</subfield></datafield><datafield tag="770" ind1="0" ind2="0"><subfield code="å">34</subfield><subfield code="a">Dore</subfield><subfield code="h">Valerie</subfield></datafield><datafield tag="770" ind1="0" ind2="0"><subfield code="å">35</subfield><subfield code="a">Lake</subfield><subfield code="h">Duke</subfield></datafield><datafield tag="770" ind1="0" ind2="0"><subfield code="å">38</subfield><subfield code="a">Bandolero</subfield></datafield><datafield tag="770" ind1="0" ind2="0"><subfield code="å">39</subfield><subfield code="a">Smooth</subfield><subfield code="h">Joe</subfield></datafield><datafield tag="770" ind1="0" ind2="0"><subfield code="å">40</subfield><subfield code="a">Cowley</subfield><subfield code="h">Patrick</subfield></datafield><datafield tag="770" ind1="0" ind2="0"><subfield code="å">41</subfield><subfield code="a">Masakela</subfield><subfield code="h">Hugh</subfield></datafield><datafield tag="770" ind1="0" ind2="0"><subfield code="å">44</subfield><subfield code="a">Piscopo</subfield><subfield code="h">Tullio de</subfield></datafield><datafield tag="770" ind1="0" ind2="0"><subfield code="å">46</subfield><subfield code="a">Simon</subfield><subfield code="h">Carly</subfield></datafield><datafield tag="770" ind1="0" ind2="0"><subfield code="å">47</subfield><subfield code="a">Edwards</subfield><subfield code="h">Dennis</subfield></datafield><datafield tag="770" ind1="0" ind2="0"><subfield code="å">49</subfield><subfield code="a">Hof</subfield><subfield code="h">Jasper van't</subfield></datafield><datafield tag="780" ind1="0" ind2="0"><subfield code="å">12</subfield><subfield code="a">Fox The Fox</subfield></datafield><datafield tag="780" ind1="0" ind2="0"><subfield code="å">14</subfield><subfield code="a">Wham!</subfield></datafield><datafield tag="780" ind1="0" ind2="0"><subfield code="å">16</subfield><subfield code="a">Flash and the Pan</subfield></datafield><datafield tag="780" ind1="0" ind2="0"><subfield code="å">18</subfield><subfield code="a">Lime</subfield></datafield><datafield tag="780" ind1="0" ind2="0"><subfield code="å">21</subfield><subfield code="a">Gazebo</subfield></datafield><datafield tag="780" ind1="0" ind2="0"><subfield code="å">22</subfield><subfield code="a">Desireless</subfield></datafield><datafield tag="780" ind1="0" ind2="0"><subfield code="å">23</subfield><subfield code="a">Electra</subfield></datafield><datafield tag="780" ind1="0" ind2="0"><subfield code="å">25</subfield><subfield code="a">Imagination</subfield></datafield><datafield tag="780" ind1="0" ind2="0"><subfield code="å">30</subfield><subfield code="a">Desireless</subfield></datafield><datafield tag="780" ind1="0" ind2="0"><subfield code="å">31</subfield><subfield code="a">Fox The Fox</subfield></datafield><datafield tag="780" ind1="0" ind2="0"><subfield code="å">32</subfield><subfield code="a">Kano</subfield></datafield><datafield tag="780" ind1="0" ind2="0"><subfield code="å">33</subfield><subfield code="a">Gazebo</subfield></datafield><datafield tag="780" ind1="0" ind2="0"><subfield code="å">36</subfield><subfield code="a">Lime</subfield></datafield><datafield tag="780" ind1="0" ind2="0"><subfield code="å">37</subfield><subfield code="a">Wham!</subfield></datafield><datafield tag="780" ind1="0" ind2="0"><subfield code="å">42</subfield><subfield code="a">Flash and the Pan</subfield></datafield><datafield tag="780" ind1="0" ind2="0"><subfield code="å">43</subfield><subfield code="a">Electra</subfield></datafield><datafield tag="780" ind1="0" ind2="0"><subfield code="å">45</subfield><subfield code="a">Imagination</subfield></datafield><datafield tag="780" ind1="0" ind2="0"><subfield code="å">48</subfield><subfield code="a">Art Of Noise</subfield></datafield><datafield tag="795" ind1="0" ind2="0"><subfield code="å">11</subfield><subfield code="a">People from Ibiza (original 12" version)</subfield></datafield><datafield tag="795" ind1="0" ind2="0"><subfield code="å">12</subfield><subfield code="a">Precious little diamond (special remix)</subfield></datafield><datafield tag="795" ind1="0" ind2="0"><subfield code="å">13</subfield><subfield code="a">Paris latino (original 12" mix)</subfield></datafield><datafield tag="795" ind1="0" ind2="0"><subfield code="å">14</subfield><subfield code="a">Bad boys (long version)</subfield></datafield><datafield tag="795" ind1="0" ind2="0"><subfield code="å">15</subfield><subfield code="a">Don't go lose it baby (stretch mix)</subfield></datafield><datafield tag="795" ind1="0" ind2="0"><subfield code="å">16</subfield><subfield code="a">Midnight man (extended remix version)</subfield></datafield><datafield tag="795" ind1="0" ind2="0"><subfield code="å">17</subfield><subfield code="a">Satisfaction, love and passion (original 12" version)</subfield></datafield><datafield tag="795" ind1="0" ind2="0"><subfield code="å">18</subfield><subfield code="a">You're my magician (original 12" version)</subfield></datafield><datafield tag="795" ind1="0" ind2="0"><subfield code="å">19</subfield><subfield code="a">Promised land (club mix)</subfield></datafield><datafield tag="795" ind1="0" ind2="0"><subfield code="å">20</subfield><subfield code="a">Menergy (full length version)</subfield></datafield><datafield tag="795" ind1="0" ind2="0"><subfield code="å">21</subfield><subfield code="a">Lunatic (original 12" version)</subfield></datafield><datafield tag="795" ind1="0" ind2="0"><subfield code="å">22</subfield><subfield code="a">Voyage voyage (Euro Remix remix)</subfield></datafield><datafield tag="795" ind1="0" ind2="0"><subfield code="å">23</subfield><subfield code="a">Jibaro (English version)</subfield></datafield><datafield tag="795" ind1="0" ind2="0"><subfield code="å">24</subfield><subfield code="a">Primavera</subfield><subfield code="u">Stop Bajon (original club mix)</subfield></datafield><datafield tag="795" ind1="0" ind2="0"><subfield code="å">25</subfield><subfield code="a">Just an illusion (original 12" version)</subfield></datafield><datafield tag="795" ind1="0" ind2="0"><subfield code="å">26</subfield><subfield code="a">Kalimba de luna (long version)</subfield></datafield><datafield tag="795" ind1="0" ind2="0"><subfield code="å">27</subfield><subfield code="a">Get closer (original vocal version)</subfield></datafield><datafield tag="795" ind1="0" ind2="0"><subfield code="å">28</subfield><subfield code="a">People from Ibiza (original 12" version)</subfield></datafield><datafield tag="795" ind1="0" ind2="0"><subfield code="å">29</subfield><subfield code="a">Kalimba de luna (long version)</subfield></datafield><datafield tag="795" ind1="0" ind2="0"><subfield code="å">30</subfield><subfield code="a">Voyage voyage (Euro Remix remix)</subfield></datafield><datafield tag="795" ind1="0" ind2="0"><subfield code="å">31</subfield><subfield code="a">Precious little diamond (special remix)</subfield></datafield><datafield tag="795" ind1="0" ind2="0"><subfield code="å">32</subfield><subfield code="a">Another life (original 12" version)</subfield></datafield><datafield tag="795" ind1="0" ind2="0"><subfield code="å">33</subfield><subfield code="a">Lunatic (original 12" version)</subfield></datafield><datafield tag="795" ind1="0" ind2="0"><subfield code="å">34</subfield><subfield code="a">Get closer (original vocal version)</subfield></datafield><datafield tag="795" ind1="0" ind2="0"><subfield code="å">35</subfield><subfield code="a">Satisfaction, love and passion (original 12" version)</subfield></datafield><datafield tag="795" ind1="0" ind2="0"><subfield code="å">36</subfield><subfield code="a">You're my magician (original 12" version)</subfield></datafield><datafield tag="795" ind1="0" ind2="0"><subfield code="å">37</subfield><subfield code="a">Bad boys (long version)</subfield></datafield><datafield tag="795" ind1="0" ind2="0"><subfield code="å">38</subfield><subfield code="a">Paris latino (original 12" mix)</subfield></datafield><datafield tag="795" ind1="0" ind2="0"><subfield code="å">39</subfield><subfield code="a">Promised land (club mix)</subfield></datafield><datafield tag="795" ind1="0" ind2="0"><subfield code="å">40</subfield><subfield code="a">Menergy (full length version)</subfield></datafield><datafield tag="795" ind1="0" ind2="0"><subfield code="å">41</subfield><subfield code="a">Don't go lose it baby (stretch mix)</subfield></datafield><datafield tag="795" ind1="0" ind2="0"><subfield code="å">42</subfield><subfield code="a">Midnight man (extended remix version)</subfield></datafield><datafield tag="795" ind1="0" ind2="0"><subfield code="å">43</subfield><subfield code="a">Jibaro (English version)</subfield></datafield><datafield tag="795" ind1="0" ind2="0"><subfield code="å">44</subfield><subfield code="a">Primavera</subfield><subfield code="u">Stop Bajon (original club mix)</subfield></datafield><datafield tag="795" ind1="0" ind2="0"><subfield code="å">45</subfield><subfield code="a">Just an illusion (original 12" version)</subfield></datafield><datafield tag="795" ind1="0" ind2="0"><subfield code="å">46</subfield><subfield code="a">Why (original 12" extended version)</subfield></datafield><datafield tag="795" ind1="0" ind2="0"><subfield code="å">47</subfield><subfield code="a">Don't look any further (original 12" version)</subfield><subfield code="e">Dennis Edwards feat. Siedah Garrett</subfield></datafield><datafield tag="795" ind1="0" ind2="0"><subfield code="å">48</subfield><subfield code="a">Moments in love (beaten)</subfield></datafield><datafield tag="795" ind1="0" ind2="0"><subfield code="å">49</subfield><subfield code="a">Hoomba-hoomba (full length version)</subfield><subfield code="e">Jasper van't Hof's Pili-Pili</subfield></datafield><datafield tag="795" ind1="0" ind2="0"><subfield code="å">99</subfield><subfield code="y">0</subfield><subfield code="a">satisfaction, love &amp; passion</subfield></datafield><datafield tag="900" ind1="0" ind2="0"><subfield code="a">van't Hof</subfield><subfield code="h">Jasper</subfield><subfield code="x">se</subfield><subfield code="z">770/49</subfield></datafield><datafield tag="910" ind1="0" ind2="0"><subfield code="a">Blank and Jones</subfield><subfield code="x">se</subfield><subfield code="z">710/1</subfield></datafield><datafield tag="996" ind1="0" ind2="0"><subfield code="a">746100</subfield></datafield></record>