
<marcx:record format="danMARC2" type="Bibliographic" xmlns:marcx="info:lc/xmlns/marcxchange-v1"><marcx:leader>00000n    2200000   4500</marcx:leader><marcx:datafield tag="001" ind1="0" ind2="0"><marcx:subfield code="a">41977051</marcx:subfield><marcx:subfield code="b">191919</marcx:subfield><marcx:subfield code="c">19990510204238</marcx:subfield><marcx:subfield code="d">19990510</marcx:subfield><marcx:subfield code="f">a</marcx:subfield></marcx:datafield><marcx:datafield tag="002" ind1="0" ind2="0"><marcx:subfield code="b">736900</marcx:subfield><marcx:subfield code="c">90316974</marcx:subfield><marcx:subfield code="x">73690090316974</marcx:subfield></marcx:datafield><marcx:datafield tag="004" ind1="0" ind2="0"><marcx:subfield code="r">n</marcx:subfield><marcx:subfield code="a">e</marcx:subfield></marcx:datafield><marcx:datafield tag="008" ind1="0" ind2="0"><marcx:subfield code="t">s</marcx:subfield><marcx:subfield code="v">4</marcx:subfield></marcx:datafield><marcx:datafield tag="009" ind1="0" ind2="0"><marcx:subfield code="a">s</marcx:subfield><marcx:subfield code="g">xh</marcx:subfield></marcx:datafield><marcx:datafield tag="039" ind1="0" ind2="0"><marcx:subfield code="a">ork</marcx:subfield></marcx:datafield><marcx:datafield tag="100" ind1="0" ind2="0"><marcx:subfield code="a">Dvořák</marcx:subfield><marcx:subfield code="h">Antonín</marcx:subfield></marcx:datafield><marcx:datafield tag="245" ind1="0" ind2="0"><marcx:subfield code="a">Rusalka (Polonaise)</marcx:subfield><marcx:subfield code="e">Tjekkisk Filharmonisk Orkester</marcx:subfield><marcx:subfield code="e">dirigent: Robert Stankovsky</marcx:subfield><marcx:subfield code="ø">Stankovsky</marcx:subfield></marcx:datafield><marcx:datafield tag="260" ind1="0" ind2="0"><marcx:subfield code="b">Naxos</marcx:subfield></marcx:datafield><marcx:datafield tag="300" ind1="0" ind2="0"><marcx:subfield code="n">1 kassettebånd</marcx:subfield><marcx:subfield code="b">Dolby</marcx:subfield></marcx:datafield><marcx:datafield tag="531" ind1="0" ind2="0"><marcx:subfield code="a">Indeholder også:</marcx:subfield></marcx:datafield><marcx:datafield tag="538" ind1="0" ind2="0"><marcx:subfield code="f">Naxos</marcx:subfield><marcx:subfield code="g">4.550376</marcx:subfield></marcx:datafield><marcx:datafield tag="652" ind1="0" ind2="0"><marcx:subfield code="m">78.411</marcx:subfield></marcx:datafield><marcx:datafield tag="652" ind1="0" ind2="0"><marcx:subfield code="å">11</marcx:subfield><marcx:subfield code="i">78.411</marcx:subfield></marcx:datafield><marcx:datafield tag="652" ind1="0" ind2="0"><marcx:subfield code="å">12</marcx:subfield><marcx:subfield code="i">78.411</marcx:subfield></marcx:datafield><marcx:datafield tag="652" ind1="0" ind2="0"><marcx:subfield code="å">13</marcx:subfield><marcx:subfield code="i">78.411</marcx:subfield></marcx:datafield><marcx:datafield tag="666" ind1="0" ind2="0"><marcx:subfield code="m">senromantik</marcx:subfield><marcx:subfield code="m">nationalromantik</marcx:subfield><marcx:subfield code="n">instrumental</marcx:subfield><marcx:subfield code="n">orkester</marcx:subfield><marcx:subfield code="p">1860-1869</marcx:subfield><marcx:subfield code="p">1870-1879</marcx:subfield><marcx:subfield code="p">1880-1889</marcx:subfield><marcx:subfield code="p">1890-1899</marcx:subfield><marcx:subfield code="p">1900-1909</marcx:subfield><marcx:subfield code="l">Tjekkiet</marcx:subfield></marcx:datafield><marcx:datafield tag="700" ind1="0" ind2="0"><marcx:subfield code="a">Stankovsky</marcx:subfield><marcx:subfield code="h">Robert</marcx:subfield></marcx:datafield><marcx:datafield tag="700" ind1="0" ind2="0"><marcx:subfield code="a">Wordsworth</marcx:subfield><marcx:subfield code="h">Barry</marcx:subfield></marcx:datafield><marcx:datafield tag="700" ind1="0" ind2="0"><marcx:subfield code="a">Pesek</marcx:subfield><marcx:subfield code="h">Libor</marcx:subfield></marcx:datafield><marcx:datafield tag="710" ind1="0" ind2="0"><marcx:subfield code="a">Tjekkisk Filharmonisk Orkester</marcx:subfield></marcx:datafield><marcx:datafield tag="710" ind1="0" ind2="0"><marcx:subfield code="a">Slovakisk Filharmonisk Orkester</marcx:subfield></marcx:datafield><marcx:datafield tag="770" ind1="0" ind2="0"><marcx:subfield code="å">11</marcx:subfield><marcx:subfield code="a">Dvořák</marcx:subfield><marcx:subfield code="h">Antonín</marcx:subfield></marcx:datafield><marcx:datafield tag="770" ind1="0" ind2="0"><marcx:subfield code="å">12</marcx:subfield><marcx:subfield code="a">Smetana</marcx:subfield><marcx:subfield code="h">Bedrich</marcx:subfield></marcx:datafield><marcx:datafield tag="770" ind1="0" ind2="0"><marcx:subfield code="å">13</marcx:subfield><marcx:subfield code="a">Janáček</marcx:subfield><marcx:subfield code="h">Leoš</marcx:subfield></marcx:datafield><marcx:datafield tag="795" ind1="0" ind2="0"><marcx:subfield code="å">11</marcx:subfield><marcx:subfield code="a">Scherzo capriccioso, opus 66</marcx:subfield><marcx:subfield code="e">Slovakisk Filharmonisk Orkester</marcx:subfield><marcx:subfield code="e">dirigent: Zdenék Kosler</marcx:subfield><marcx:subfield code="a">Slavisk rapsodi, As-dur, opus 45:2</marcx:subfield><marcx:subfield code="e">Slovakisk Filharmonisk Orkester</marcx:subfield><marcx:subfield code="e">dirigent: Zdenék Kosler</marcx:subfield></marcx:datafield><marcx:datafield tag="795" ind1="0" ind2="0"><marcx:subfield code="å">12</marcx:subfield><marcx:subfield code="a">Den ¤solgte brud (Ouverture ; Polka ; Furiant ; Komedianternes dans)</marcx:subfield><marcx:subfield code="e">Slovakisk Filharmonisk Orkester</marcx:subfield><marcx:subfield code="e">dirigent: Barry Wordsworth</marcx:subfield><marcx:subfield code="a">Vltava (Moldau)</marcx:subfield><marcx:subfield code="e">Slovakisk Filharmonisk Orkester</marcx:subfield><marcx:subfield code="e">dirigent: Barry Wordsworth</marcx:subfield></marcx:datafield><marcx:datafield tag="795" ind1="0" ind2="0"><marcx:subfield code="å">13</marcx:subfield><marcx:subfield code="a">Moraviske danse (Kozich ; Kalamajka ; Trojky ; Silnice ; Rozek)</marcx:subfield><marcx:subfield code="e">Slovakisk Filharmonisk Orkester</marcx:subfield><marcx:subfield code="e">dirigent: Libor Pesek</marcx:subfield></marcx:datafield><marcx:datafield tag="795" ind1="0" ind2="0"><marcx:subfield code="å">40</marcx:subfield><marcx:subfield code="y">0</marcx:subfield><marcx:subfield code="a">Moldau</marcx:subfield><marcx:subfield code="a">Kozich</marcx:subfield><marcx:subfield code="a">Kalamajka</marcx:subfield><marcx:subfield code="a">Trojky</marcx:subfield><marcx:subfield code="a">Silnice</marcx:subfield><marcx:subfield code="a">Rozek</marcx:subfield><marcx:subfield code="a">Ouverture</marcx:subfield><marcx:subfield code="a">Polka</marcx:subfield><marcx:subfield code="a">Furiant</marcx:subfield><marcx:subfield code="a">Komedianternes dans</marcx:subfield></marcx:datafield><marcx:datafield tag="996" ind1="0" ind2="0"><marcx:subfield code="a">736900</marcx:subfield></marcx:datafield></marcx:record>