
<marcx:record format="danMARC2" type="Bibliographic" xmlns:marcx="info:lc/xmlns/marcxchange-v1"><marcx:leader>00000n    2200000   4500</marcx:leader><marcx:datafield tag="001" ind1="0" ind2="0"><marcx:subfield code="a">41976934</marcx:subfield><marcx:subfield code="b">191919</marcx:subfield><marcx:subfield code="c">19990510204119</marcx:subfield><marcx:subfield code="d">19990510</marcx:subfield><marcx:subfield code="f">a</marcx:subfield></marcx:datafield><marcx:datafield tag="002" ind1="0" ind2="0"><marcx:subfield code="b">736900</marcx:subfield><marcx:subfield code="c">90307975</marcx:subfield><marcx:subfield code="x">73690090307975</marcx:subfield></marcx:datafield><marcx:datafield tag="004" ind1="0" ind2="0"><marcx:subfield code="r">n</marcx:subfield><marcx:subfield code="a">e</marcx:subfield></marcx:datafield><marcx:datafield tag="008" ind1="0" ind2="0"><marcx:subfield code="t">s</marcx:subfield><marcx:subfield code="v">4</marcx:subfield></marcx:datafield><marcx:datafield tag="009" ind1="0" ind2="0"><marcx:subfield code="a">s</marcx:subfield><marcx:subfield code="g">xh</marcx:subfield></marcx:datafield><marcx:datafield tag="039" ind1="0" ind2="0"><marcx:subfield code="a">und</marcx:subfield></marcx:datafield><marcx:datafield tag="245" ind1="0" ind2="0"><marcx:subfield code="a">Les ¤24 plus grands succès de la chanson musette</marcx:subfield></marcx:datafield><marcx:datafield tag="260" ind1="0" ind2="0"><marcx:subfield code="b">Vogue</marcx:subfield></marcx:datafield><marcx:datafield tag="531" ind1="0" ind2="0"><marcx:subfield code="a">Indhold:</marcx:subfield></marcx:datafield><marcx:datafield tag="538" ind1="0" ind2="0"><marcx:subfield code="f">Vogue</marcx:subfield><marcx:subfield code="g">817136</marcx:subfield></marcx:datafield><marcx:datafield tag="652" ind1="0" ind2="0"><marcx:subfield code="m">78.797</marcx:subfield><marcx:subfield code="v">2</marcx:subfield></marcx:datafield><marcx:datafield tag="666" ind1="0" ind2="0"><marcx:subfield code="m">musettemusik</marcx:subfield><marcx:subfield code="n">harmonika</marcx:subfield><marcx:subfield code="n">accordeon</marcx:subfield><marcx:subfield code="l">Frankrig</marcx:subfield></marcx:datafield><marcx:datafield tag="770" ind1="0" ind2="0"><marcx:subfield code="å">11</marcx:subfield><marcx:subfield code="a">Plana</marcx:subfield><marcx:subfield code="h">Georgette</marcx:subfield></marcx:datafield><marcx:datafield tag="770" ind1="0" ind2="0"><marcx:subfield code="å">12</marcx:subfield><marcx:subfield code="a">Aimable</marcx:subfield></marcx:datafield><marcx:datafield tag="770" ind1="0" ind2="0"><marcx:subfield code="å">13</marcx:subfield><marcx:subfield code="a">Privat</marcx:subfield><marcx:subfield code="h">Jo</marcx:subfield></marcx:datafield><marcx:datafield tag="770" ind1="0" ind2="0"><marcx:subfield code="å">14</marcx:subfield><marcx:subfield code="a">Baldi</marcx:subfield><marcx:subfield code="h">Augusto</marcx:subfield></marcx:datafield><marcx:datafield tag="770" ind1="0" ind2="0"><marcx:subfield code="å">15</marcx:subfield><marcx:subfield code="a">Lassagne</marcx:subfield><marcx:subfield code="h">Armand</marcx:subfield></marcx:datafield><marcx:datafield tag="795" ind1="0" ind2="0"><marcx:subfield code="å">11</marcx:subfield><marcx:subfield code="a">Les ¤nocturnes</marcx:subfield><marcx:subfield code="a">Tel qu'il est</marcx:subfield><marcx:subfield code="a">Les ¤nuits</marcx:subfield><marcx:subfield code="a">Le ¤tango de Manon</marcx:subfield><marcx:subfield code="a">L'¤hirondelle du Faubourg</marcx:subfield><marcx:subfield code="a">La ¤java</marcx:subfield><marcx:subfield code="a">Dans les bouges la nuit</marcx:subfield><marcx:subfield code="a">La ¤valse des ombres</marcx:subfield><marcx:subfield code="a">Passion</marcx:subfield><marcx:subfield code="a">Le ¤tango du chat</marcx:subfield><marcx:subfield code="a">La ¤java bleue</marcx:subfield><marcx:subfield code="a">La ¤chaine</marcx:subfield><marcx:subfield code="a">Les ¤papillons de nuit</marcx:subfield><marcx:subfield code="a">Ou est-il donc?</marcx:subfield><marcx:subfield code="a">J'n'attends plus rien</marcx:subfield><marcx:subfield code="a">Le ¤bar de l'escadrille</marcx:subfield></marcx:datafield><marcx:datafield tag="795" ind1="0" ind2="0"><marcx:subfield code="å">12</marcx:subfield><marcx:subfield code="a">Du gris</marcx:subfield><marcx:subfield code="a">Le ¤denicheur</marcx:subfield><marcx:subfield code="a">On n'a pas tous les jours vingt ans</marcx:subfield><marcx:subfield code="e">Aimable og hans Orkester</marcx:subfield></marcx:datafield><marcx:datafield tag="795" ind1="0" ind2="0"><marcx:subfield code="å">13</marcx:subfield><marcx:subfield code="a">Reine de musette</marcx:subfield><marcx:subfield code="a">Balajo</marcx:subfield><marcx:subfield code="e">Jo Privat og hans Ensemble</marcx:subfield></marcx:datafield><marcx:datafield tag="795" ind1="0" ind2="0"><marcx:subfield code="å">14</marcx:subfield><marcx:subfield code="a">Aubade d'oiseaux</marcx:subfield><marcx:subfield code="a">La ¤plus bath des javas</marcx:subfield><marcx:subfield code="e">Augusto Baldi og hans Orkester</marcx:subfield></marcx:datafield><marcx:datafield tag="795" ind1="0" ind2="0"><marcx:subfield code="å">15</marcx:subfield><marcx:subfield code="a">Perles de christal</marcx:subfield><marcx:subfield code="e">Armand Lassagne og hans Ensemble</marcx:subfield></marcx:datafield><marcx:datafield tag="795" ind1="0" ind2="0"><marcx:subfield code="å">40</marcx:subfield><marcx:subfield code="y">0</marcx:subfield><marcx:subfield code="a">Les ¤quatre-vingt plus grands succès de la chanson musette</marcx:subfield></marcx:datafield><marcx:datafield tag="996" ind1="0" ind2="0"><marcx:subfield code="a">736900</marcx:subfield></marcx:datafield></marcx:record>