
<record xsi:schemaLocation="http://www.loc.gov/standards/iso25577/marcxchange-1-1.xsd" xmlns="info:lc/xmlns/marcxchange-v1" xmlns:xsi="http://www.w3.org/2001/XMLSchema-instance"><leader>00000n    2200000   4500</leader><datafield tag="001" ind1="0" ind2="0"><subfield code="a">45706303</subfield><subfield code="b">191919</subfield><subfield code="c">20150827141250</subfield><subfield code="d">20150827</subfield><subfield code="f">a</subfield></datafield><datafield tag="002" ind1="0" ind2="0"><subfield code="b">746100</subfield><subfield code="c">94517354</subfield><subfield code="x">74610094517354</subfield></datafield><datafield tag="004" ind1="0" ind2="0"><subfield code="a">e</subfield><subfield code="r">c</subfield></datafield><datafield tag="008" ind1="0" ind2="0"><subfield code="t">s</subfield><subfield code="u">f</subfield><subfield code="a">2010</subfield><subfield code="b">xx</subfield><subfield code="l">eng</subfield><subfield code="v">0</subfield></datafield><datafield tag="009" ind1="0" ind2="0"><subfield code="a">s</subfield><subfield code="g">xc</subfield><subfield code="b">a</subfield><subfield code="h">xx</subfield></datafield><datafield tag="023" ind1="0" ind2="0"><subfield code="a">0814281010029</subfield></datafield><datafield tag="039" ind1="0" ind2="0"><subfield code="a">bea</subfield></datafield><datafield tag="245" ind1="0" ind2="0"><subfield code="a">So80s (soeighties) 2</subfield><subfield code="e">mixed by Blank &amp; Jones</subfield></datafield><datafield tag="260" ind1="0" ind2="0"><subfield code="b">Soundcolours</subfield><subfield code="c">p 2010</subfield></datafield><datafield tag="300" ind1="0" ind2="0"><subfield code="n">3 cd'er</subfield><subfield code="d">1 bilag</subfield></datafield><datafield tag="512" ind1="0" ind2="0"><subfield code="a">På omslaget: The finest collection of original classic 12" club &amp; extended mixes</subfield></datafield><datafield tag="531" ind1="0" ind2="0"><subfield code="a">Indhold:</subfield></datafield><datafield tag="538" ind1="0" ind2="0"><subfield code="f">Soundcolours</subfield><subfield code="g">SC 0314</subfield></datafield><datafield tag="652" ind1="0" ind2="0"><subfield code="m">78.7941</subfield></datafield><datafield tag="666" ind1="0" ind2="0"><subfield code="m">pop</subfield><subfield code="m">rock</subfield><subfield code="m">techno</subfield><subfield code="n">vokal</subfield><subfield code="p">1980-1989</subfield><subfield code="p">2010-2019</subfield><subfield code="l">Europa</subfield><subfield code="l">USA</subfield></datafield><datafield tag="666" ind1="0" ind2="0"><subfield code="o">remixes</subfield></datafield><datafield tag="710" ind1="0" ind2="0"><subfield code="å">1</subfield><subfield code="a">Blank &amp; Jones</subfield></datafield><datafield tag="745" ind1="0" ind2="0"><subfield code="a">So 80s (so eighties) 2</subfield></datafield><datafield tag="770" ind1="0" ind2="0"><subfield code="å">11</subfield><subfield code="a">Mercury</subfield><subfield code="h">Freddie</subfield></datafield><datafield tag="770" ind1="0" ind2="0"><subfield code="å">13</subfield><subfield code="a">Ferry</subfield><subfield code="h">Bryan</subfield></datafield><datafield tag="770" ind1="0" ind2="0"><subfield code="å">17</subfield><subfield code="a">Hart</subfield><subfield code="h">Corey</subfield></datafield><datafield tag="770" ind1="0" ind2="0"><subfield code="å">19</subfield><subfield code="a">Ure</subfield><subfield code="h">Midge</subfield></datafield><datafield tag="770" ind1="0" ind2="0"><subfield code="å">25</subfield><subfield code="a">Jones</subfield><subfield code="h">Howard</subfield></datafield><datafield tag="770" ind1="0" ind2="0"><subfield code="å">30</subfield><subfield code="a">Jones</subfield><subfield code="h">Howard</subfield></datafield><datafield tag="770" ind1="0" ind2="0"><subfield code="å">35</subfield><subfield code="a">Mercury</subfield><subfield code="h">Freddie</subfield></datafield><datafield tag="770" ind1="0" ind2="0"><subfield code="å">38</subfield><subfield code="a">Ure</subfield><subfield code="h">Midge</subfield></datafield><datafield tag="770" ind1="0" ind2="0"><subfield code="å">46</subfield><subfield code="a">Ferry</subfield><subfield code="h">Bryan</subfield></datafield><datafield tag="770" ind1="0" ind2="0"><subfield code="å">52</subfield><subfield code="a">Hart</subfield><subfield code="h">Corey</subfield></datafield><datafield tag="770" ind1="0" ind2="0"><subfield code="å">53</subfield><subfield code="a">Idol</subfield><subfield code="h">Billy</subfield></datafield><datafield tag="770" ind1="0" ind2="0"><subfield code="å">54</subfield><subfield code="a">Turner</subfield><subfield code="h">Tina</subfield></datafield><datafield tag="780" ind1="0" ind2="0"><subfield code="å">12</subfield><subfield code="a">Duran Duran</subfield></datafield><datafield tag="780" ind1="0" ind2="0"><subfield code="å">14</subfield><subfield code="a">Orchestral Manoeuvres in the Dark</subfield></datafield><datafield tag="780" ind1="0" ind2="0"><subfield code="å">15</subfield><subfield code="a">Endgames</subfield></datafield><datafield tag="780" ind1="0" ind2="0"><subfield code="å">16</subfield><subfield code="a">Culture Club</subfield></datafield><datafield tag="780" ind1="0" ind2="0"><subfield code="å">18</subfield><subfield code="a">Yazoo</subfield></datafield><datafield tag="780" ind1="0" ind2="0"><subfield code="å">20</subfield><subfield code="a">Kajagoogoo</subfield></datafield><datafield tag="780" ind1="0" ind2="0"><subfield code="å">21</subfield><subfield code="a">Matia Bazar</subfield></datafield><datafield tag="780" ind1="0" ind2="0"><subfield code="å">22</subfield><subfield code="a">New Order</subfield></datafield><datafield tag="780" ind1="0" ind2="0"><subfield code="å">23</subfield><subfield code="a">Talk Talk</subfield></datafield><datafield tag="780" ind1="0" ind2="0"><subfield code="å">24</subfield><subfield code="a">Simple Minds</subfield></datafield><datafield tag="780" ind1="0" ind2="0"><subfield code="å">26</subfield><subfield code="a">Alphaville</subfield></datafield><datafield tag="780" ind1="0" ind2="0"><subfield code="å">27</subfield><subfield code="a">A-Ha</subfield></datafield><datafield tag="780" ind1="0" ind2="0"><subfield code="å">28</subfield><subfield code="a">Duran Duran</subfield></datafield><datafield tag="780" ind1="0" ind2="0"><subfield code="å">29</subfield><subfield code="a">Orchestral Manoeuvres in the Dark</subfield></datafield><datafield tag="780" ind1="0" ind2="0"><subfield code="å">31</subfield><subfield code="a">A-Ha</subfield></datafield><datafield tag="780" ind1="0" ind2="0"><subfield code="å">32</subfield><subfield code="a">Heaven 17</subfield></datafield><datafield tag="780" ind1="0" ind2="0"><subfield code="å">33</subfield><subfield code="a">Endgames</subfield></datafield><datafield tag="780" ind1="0" ind2="0"><subfield code="å">34</subfield><subfield code="a">Matia Bazar</subfield></datafield><datafield tag="780" ind1="0" ind2="0"><subfield code="å">36</subfield><subfield code="a">Talk Talk</subfield></datafield><datafield tag="780" ind1="0" ind2="0"><subfield code="å">37</subfield><subfield code="a">Simple Minds</subfield></datafield><datafield tag="780" ind1="0" ind2="0"><subfield code="å">39</subfield><subfield code="a">Kissing the Pink</subfield></datafield><datafield tag="780" ind1="0" ind2="0"><subfield code="å">40</subfield><subfield code="a">Belouis Some</subfield></datafield><datafield tag="780" ind1="0" ind2="0"><subfield code="å">41</subfield><subfield code="a">The ¤Blue Nile</subfield></datafield><datafield tag="780" ind1="0" ind2="0"><subfield code="å">42</subfield><subfield code="a">Fra Lippo Lippi</subfield></datafield><datafield tag="780" ind1="0" ind2="0"><subfield code="å">43</subfield><subfield code="a">Alphaville</subfield></datafield><datafield tag="780" ind1="0" ind2="0"><subfield code="å">44</subfield><subfield code="a">New Order</subfield></datafield><datafield tag="780" ind1="0" ind2="0"><subfield code="å">45</subfield><subfield code="a">Kajagoogoo</subfield></datafield><datafield tag="780" ind1="0" ind2="0"><subfield code="å">47</subfield><subfield code="a">Spandau Ballet</subfield></datafield><datafield tag="780" ind1="0" ind2="0"><subfield code="å">48</subfield><subfield code="a">Ultravox</subfield></datafield><datafield tag="780" ind1="0" ind2="0"><subfield code="å">49</subfield><subfield code="a">Culture Club</subfield></datafield><datafield tag="780" ind1="0" ind2="0"><subfield code="å">50</subfield><subfield code="a">Yazoo</subfield></datafield><datafield tag="780" ind1="0" ind2="0"><subfield code="å">51</subfield><subfield code="a">Bronski Beat</subfield></datafield><datafield tag="795" ind1="0" ind2="0"><subfield code="å">11</subfield><subfield code="a">Love kills (extended version)</subfield></datafield><datafield tag="795" ind1="0" ind2="0"><subfield code="å">12</subfield><subfield code="a">Hold back the rain (carnival remix)</subfield></datafield><datafield tag="795" ind1="0" ind2="0"><subfield code="å">13</subfield><subfield code="a">Don't stop the dance (special 12" remix)</subfield></datafield><datafield tag="795" ind1="0" ind2="0"><subfield code="å">14</subfield><subfield code="a">Secret (extended mix)</subfield></datafield><datafield tag="795" ind1="0" ind2="0"><subfield code="å">15</subfield><subfield code="a">Waiting for another chance (extended version)</subfield></datafield><datafield tag="795" ind1="0" ind2="0"><subfield code="å">16</subfield><subfield code="a">It's a miracle</subfield><subfield code="7">/</subfield><subfield code="a">Miss me blind (US 12" mix)</subfield></datafield><datafield tag="795" ind1="0" ind2="0"><subfield code="å">17</subfield><subfield code="a">Sunglasses at night (extended version)</subfield></datafield><datafield tag="795" ind1="0" ind2="0"><subfield code="å">18</subfield><subfield code="a">Don't go (12" mix)</subfield></datafield><datafield tag="795" ind1="0" ind2="0"><subfield code="å">19</subfield><subfield code="a">If I was (extended mix)</subfield></datafield><datafield tag="795" ind1="0" ind2="0"><subfield code="å">20</subfield><subfield code="a">Hang on now (extended version)</subfield></datafield><datafield tag="795" ind1="0" ind2="0"><subfield code="å">21</subfield><subfield code="a">Ti sento (extended version)</subfield></datafield><datafield tag="795" ind1="0" ind2="0"><subfield code="å">22</subfield><subfield code="a">Thieves like us (original 12" mix)</subfield></datafield><datafield tag="795" ind1="0" ind2="0"><subfield code="å">23</subfield><subfield code="a">Such a shame (extended mix)</subfield></datafield><datafield tag="795" ind1="0" ind2="0"><subfield code="å">24</subfield><subfield code="a">Promised you a miracle (US remix)</subfield></datafield><datafield tag="795" ind1="0" ind2="0"><subfield code="å">25</subfield><subfield code="a">What is love? (extended mix)</subfield></datafield><datafield tag="795" ind1="0" ind2="0"><subfield code="å">26</subfield><subfield code="a">Big in Japan (extended remix)</subfield></datafield><datafield tag="795" ind1="0" ind2="0"><subfield code="å">27</subfield><subfield code="a">Take on me (extended version)</subfield></datafield><datafield tag="795" ind1="0" ind2="0"><subfield code="å">28</subfield><subfield code="a">Hold back the rain (carnival remix)</subfield></datafield><datafield tag="795" ind1="0" ind2="0"><subfield code="å">29</subfield><subfield code="a">Secret (extended mix)</subfield></datafield><datafield tag="795" ind1="0" ind2="0"><subfield code="å">30</subfield><subfield code="a">What is love? (extended mix)</subfield></datafield><datafield tag="795" ind1="0" ind2="0"><subfield code="å">31</subfield><subfield code="a">Take on me (extended version)</subfield></datafield><datafield tag="795" ind1="0" ind2="0"><subfield code="å">32</subfield><subfield code="a">Temptation (special dance mix)</subfield></datafield><datafield tag="795" ind1="0" ind2="0"><subfield code="å">33</subfield><subfield code="a">Waiting for another chance (extended version)</subfield></datafield><datafield tag="795" ind1="0" ind2="0"><subfield code="å">34</subfield><subfield code="a">Ti sento (extended version)</subfield></datafield><datafield tag="795" ind1="0" ind2="0"><subfield code="å">35</subfield><subfield code="a">Love kills (extended version)</subfield></datafield><datafield tag="795" ind1="0" ind2="0"><subfield code="å">36</subfield><subfield code="a">Such a shame (extended mix)</subfield></datafield><datafield tag="795" ind1="0" ind2="0"><subfield code="å">37</subfield><subfield code="a">Promised you a miracle (US remix)</subfield></datafield><datafield tag="795" ind1="0" ind2="0"><subfield code="å">38</subfield><subfield code="a">If I was (extended mix)</subfield></datafield><datafield tag="795" ind1="0" ind2="0"><subfield code="å">39</subfield><subfield code="a">Certain things are likely (original 12" version)</subfield></datafield><datafield tag="795" ind1="0" ind2="0"><subfield code="å">40</subfield><subfield code="a">Imagination (12" version)</subfield></datafield><datafield tag="795" ind1="0" ind2="0"><subfield code="å">41</subfield><subfield code="a">Tinseltown in the rain (full length version)</subfield></datafield><datafield tag="795" ind1="0" ind2="0"><subfield code="å">42</subfield><subfield code="a">Shouldn't have to be like that (original version)</subfield></datafield><datafield tag="795" ind1="0" ind2="0"><subfield code="å">43</subfield><subfield code="a">Big in Japan (extended remix)</subfield></datafield><datafield tag="795" ind1="0" ind2="0"><subfield code="å">44</subfield><subfield code="a">Thieves like us (original 12" mix)</subfield></datafield><datafield tag="795" ind1="0" ind2="0"><subfield code="å">45</subfield><subfield code="a">Hang on now (extended version)</subfield></datafield><datafield tag="795" ind1="0" ind2="0"><subfield code="å">46</subfield><subfield code="a">Don't stop the dance (special 12" remix)</subfield></datafield><datafield tag="795" ind1="0" ind2="0"><subfield code="å">47</subfield><subfield code="a">Only when you leave (extended version)</subfield></datafield><datafield tag="795" ind1="0" ind2="0"><subfield code="å">48</subfield><subfield code="a">Reap the wild wind (extended version)</subfield></datafield><datafield tag="795" ind1="0" ind2="0"><subfield code="å">49</subfield><subfield code="a">It's a miracle</subfield><subfield code="7">/</subfield><subfield code="a">Miss me blind (US 12" mix)</subfield></datafield><datafield tag="795" ind1="0" ind2="0"><subfield code="å">50</subfield><subfield code="a">Don't go (12" mix)</subfield></datafield><datafield tag="795" ind1="0" ind2="0"><subfield code="å">51</subfield><subfield code="a">Smalltown boy (original 12" mix)</subfield></datafield><datafield tag="795" ind1="0" ind2="0"><subfield code="å">52</subfield><subfield code="a">Sunglasses at night (extended version)</subfield></datafield><datafield tag="795" ind1="0" ind2="0"><subfield code="å">53</subfield><subfield code="a">Don't need a gun (Beyond Meltdown mix)</subfield></datafield><datafield tag="795" ind1="0" ind2="0"><subfield code="å">54</subfield><subfield code="a">What's love got to do with it (extended version)</subfield></datafield><datafield tag="910" ind1="0" ind2="0"><subfield code="a">Blank and Jones</subfield><subfield code="x">se</subfield><subfield code="z">710/1</subfield></datafield><datafield tag="996" ind1="0" ind2="0"><subfield code="a">746100</subfield></datafield></record>