
<marcx:record format="danMARC2" type="Bibliographic" xmlns:marcx="info:lc/xmlns/marcxchange-v1"><marcx:leader>00000n    2200000   4500</marcx:leader><marcx:datafield tag="001" ind1="0" ind2="0"><marcx:subfield code="a">22370758</marcx:subfield><marcx:subfield code="b">191919</marcx:subfield><marcx:subfield code="c">19990410005149</marcx:subfield><marcx:subfield code="d">19990215</marcx:subfield><marcx:subfield code="f">a</marcx:subfield></marcx:datafield><marcx:datafield tag="004" ind1="0" ind2="0"><marcx:subfield code="r">n</marcx:subfield><marcx:subfield code="a">e</marcx:subfield></marcx:datafield><marcx:datafield tag="008" ind1="0" ind2="0"><marcx:subfield code="t">m</marcx:subfield><marcx:subfield code="u">f</marcx:subfield><marcx:subfield code="a">1998</marcx:subfield><marcx:subfield code="b">dk</marcx:subfield><marcx:subfield code="l">dan</marcx:subfield><marcx:subfield code="v">0</marcx:subfield></marcx:datafield><marcx:datafield tag="009" ind1="0" ind2="0"><marcx:subfield code="a">a</marcx:subfield><marcx:subfield code="g">xx</marcx:subfield></marcx:datafield><marcx:datafield tag="021" ind1="0" ind2="0"><marcx:subfield code="a">87-87136-25-2</marcx:subfield><marcx:subfield code="c">ib.</marcx:subfield><marcx:subfield code="d">kr. 298,00</marcx:subfield></marcx:datafield><marcx:datafield tag="032" ind1="0" ind2="0"><marcx:subfield code="a">DBF199911</marcx:subfield><marcx:subfield code="x">SFD199911</marcx:subfield></marcx:datafield><marcx:datafield tag="100" ind1="0" ind2="0"><marcx:subfield code="0"/><marcx:subfield code="a">Kappel</marcx:subfield><marcx:subfield code="h">Anne</marcx:subfield></marcx:datafield><marcx:datafield tag="245" ind1="0" ind2="0"><marcx:subfield code="a">Farvens format</marcx:subfield><marcx:subfield code="c">en vejledning i farvevalg</marcx:subfield><marcx:subfield code="e">Anne Kappel</marcx:subfield></marcx:datafield><marcx:datafield tag="260" ind1="0" ind2="0"><marcx:subfield code="&amp;">1</marcx:subfield><marcx:subfield code="a">Kbh.</marcx:subfield><marcx:subfield code="b">Kunstakademiets Arkitektskole</marcx:subfield><marcx:subfield code="c">1998</marcx:subfield><marcx:subfield code="k">u.st.</marcx:subfield></marcx:datafield><marcx:datafield tag="300" ind1="0" ind2="0"><marcx:subfield code="a">184 sider</marcx:subfield><marcx:subfield code="b">ill. i farver</marcx:subfield><marcx:subfield code="c">29 cm</marcx:subfield></marcx:datafield><marcx:datafield tag="532" ind1="0" ind2="0"><marcx:subfield code="&amp;">1</marcx:subfield><marcx:subfield code="a">Med litteraturhenvisninger</marcx:subfield></marcx:datafield><marcx:datafield tag="652" ind1="0" ind2="0"><marcx:subfield code="m">71.01</marcx:subfield></marcx:datafield><marcx:datafield tag="666" ind1="0" ind2="0"><marcx:subfield code="f">arkitektur</marcx:subfield></marcx:datafield><marcx:datafield tag="666" ind1="0" ind2="0"><marcx:subfield code="f">farver</marcx:subfield></marcx:datafield><marcx:datafield tag="710" ind1="0" ind2="0"><marcx:subfield code="a">Kunstakademiet</marcx:subfield><marcx:subfield code="c">Arkitektskolen</marcx:subfield></marcx:datafield><marcx:datafield tag="910" ind1="0" ind2="0"><marcx:subfield code="a">Arkitektskolen</marcx:subfield><marcx:subfield code="z">710</marcx:subfield></marcx:datafield><marcx:datafield tag="910" ind1="0" ind2="0"><marcx:subfield code="a">Det ¤Kongelige Danske Kunstakademi</marcx:subfield><marcx:subfield code="z">710</marcx:subfield></marcx:datafield><marcx:datafield tag="910" ind1="0" ind2="0"><marcx:subfield code="a">Det ¤Kgl. Danske Kunstakademi</marcx:subfield><marcx:subfield code="z">710(a)</marcx:subfield></marcx:datafield><marcx:datafield tag="990" ind1="0" ind2="0"><marcx:subfield code="a">SFD</marcx:subfield><marcx:subfield code="c">H</marcx:subfield><marcx:subfield code="o">199911</marcx:subfield></marcx:datafield><marcx:datafield tag="996" ind1="0" ind2="0"><marcx:subfield code="a">DBC</marcx:subfield></marcx:datafield></marcx:record>