
<marcx:record format="danMARC2" type="Bibliographic" xmlns:marcx="info:lc/xmlns/marcxchange-v1"><marcx:leader>00000n    2200000   4500</marcx:leader><marcx:datafield tag="001" ind1="0" ind2="0"><marcx:subfield code="a">22827448</marcx:subfield><marcx:subfield code="b">191919</marcx:subfield><marcx:subfield code="c">20011101110517</marcx:subfield><marcx:subfield code="d">20000308</marcx:subfield><marcx:subfield code="f">a</marcx:subfield></marcx:datafield><marcx:datafield tag="004" ind1="0" ind2="0"><marcx:subfield code="r">n</marcx:subfield><marcx:subfield code="a">e</marcx:subfield></marcx:datafield><marcx:datafield tag="005" ind1="0" ind2="0"><marcx:subfield code="h">e</marcx:subfield></marcx:datafield><marcx:datafield tag="008" ind1="0" ind2="0"><marcx:subfield code="t">s</marcx:subfield><marcx:subfield code="u">f</marcx:subfield><marcx:subfield code="a">1999</marcx:subfield><marcx:subfield code="b">xx</marcx:subfield><marcx:subfield code="l">mul</marcx:subfield><marcx:subfield code="v">0</marcx:subfield></marcx:datafield><marcx:datafield tag="009" ind1="0" ind2="0"><marcx:subfield code="a">s</marcx:subfield><marcx:subfield code="g">xc</marcx:subfield></marcx:datafield><marcx:datafield tag="021" ind1="0" ind2="0"><marcx:subfield code="d">kr. 149,00</marcx:subfield></marcx:datafield><marcx:datafield tag="023" ind1="0" ind2="0"><marcx:subfield code="a">0601215756029</marcx:subfield></marcx:datafield><marcx:datafield tag="032" ind1="0" ind2="0"><marcx:subfield code="x">SFG200019</marcx:subfield><marcx:subfield code="x">DAT200145</marcx:subfield></marcx:datafield><marcx:datafield tag="039" ind1="0" ind2="0"><marcx:subfield code="a">bef</marcx:subfield></marcx:datafield><marcx:datafield tag="041" ind1="0" ind2="0"><marcx:subfield code="p">eng</marcx:subfield><marcx:subfield code="p">gle</marcx:subfield></marcx:datafield><marcx:datafield tag="100" ind1="0" ind2="0"><marcx:subfield code="a">Brennan</marcx:subfield><marcx:subfield code="h">Máire</marcx:subfield></marcx:datafield><marcx:datafield tag="245" ind1="0" ind2="0"><marcx:subfield code="a">Whisper to the wild water</marcx:subfield><marcx:subfield code="e">Maire Brennan with Anthony Drennan, Máire Breathnach, Máirtin O'Connor, Keith Duffy, Joe Csibi, Denis Woods, Dee Brennan, Sinéad Madden, Ewan Cowley, David MacMullan ... [et al.]</marcx:subfield></marcx:datafield><marcx:datafield tag="260" ind1="0" ind2="0"><marcx:subfield code="a">[S.l.]</marcx:subfield><marcx:subfield code="b">Word</marcx:subfield><marcx:subfield code="c">p 1999</marcx:subfield></marcx:datafield><marcx:datafield tag="300" ind1="0" ind2="0"><marcx:subfield code="n">1 cd</marcx:subfield></marcx:datafield><marcx:datafield tag="512" ind1="0" ind2="0"><marcx:subfield code="a">Tekster på omslag</marcx:subfield></marcx:datafield><marcx:datafield tag="531" ind1="0" ind2="0"><marcx:subfield code="a">Indhold:</marcx:subfield></marcx:datafield><marcx:datafield tag="538" ind1="0" ind2="0"><marcx:subfield code="f">Word</marcx:subfield><marcx:subfield code="g">157560-2</marcx:subfield></marcx:datafield><marcx:datafield tag="652" ind1="0" ind2="0"><marcx:subfield code="m">78.794</marcx:subfield><marcx:subfield code="v">5</marcx:subfield></marcx:datafield><marcx:datafield tag="666" ind1="0" ind2="0"><marcx:subfield code="0"/><marcx:subfield code="m">folk</marcx:subfield><marcx:subfield code="m">keltisk musik</marcx:subfield><marcx:subfield code="n">vokal</marcx:subfield><marcx:subfield code="p">1990-1999</marcx:subfield><marcx:subfield code="l">Irland</marcx:subfield></marcx:datafield><marcx:datafield tag="700" ind1="0" ind2="0"><marcx:subfield code="å">1</marcx:subfield><marcx:subfield code="a">Drennan</marcx:subfield><marcx:subfield code="h">Anto</marcx:subfield></marcx:datafield><marcx:datafield tag="700" ind1="0" ind2="0"><marcx:subfield code="a">Duffy</marcx:subfield><marcx:subfield code="h">Keith</marcx:subfield></marcx:datafield><marcx:datafield tag="700" ind1="0" ind2="0"><marcx:subfield code="a">Breatnach</marcx:subfield><marcx:subfield code="h">Máire</marcx:subfield></marcx:datafield><marcx:datafield tag="700" ind1="0" ind2="0"><marcx:subfield code="a">O'Connor</marcx:subfield><marcx:subfield code="h">Máirtín</marcx:subfield></marcx:datafield><marcx:datafield tag="700" ind1="0" ind2="0"><marcx:subfield code="a">Brennan</marcx:subfield><marcx:subfield code="h">Dee</marcx:subfield></marcx:datafield><marcx:datafield tag="700" ind1="0" ind2="0"><marcx:subfield code="a">Madden</marcx:subfield><marcx:subfield code="h">Sinéad</marcx:subfield></marcx:datafield><marcx:datafield tag="700" ind1="0" ind2="0"><marcx:subfield code="a">Cowley</marcx:subfield><marcx:subfield code="h">Ewan</marcx:subfield></marcx:datafield><marcx:datafield tag="700" ind1="0" ind2="0"><marcx:subfield code="a">Macmullan</marcx:subfield><marcx:subfield code="h">David</marcx:subfield></marcx:datafield><marcx:datafield tag="700" ind1="0" ind2="0"><marcx:subfield code="a">Csibi</marcx:subfield><marcx:subfield code="h">Joe</marcx:subfield></marcx:datafield><marcx:datafield tag="700" ind1="0" ind2="0"><marcx:subfield code="a">Woods</marcx:subfield><marcx:subfield code="h">Denis</marcx:subfield></marcx:datafield><marcx:datafield tag="795" ind1="0" ind2="0"><marcx:subfield code="å">11</marcx:subfield><marcx:subfield code="a">Follow the word</marcx:subfield><marcx:subfield code="a">Where I stand</marcx:subfield><marcx:subfield code="a">Hard to break the seal</marcx:subfield><marcx:subfield code="a">To the water</marcx:subfield><marcx:subfield code="a">Whisper to the wild water</marcx:subfield><marcx:subfield code="a">Peacemaker</marcx:subfield><marcx:subfield code="a">Ageless messengers</marcx:subfield><marcx:subfield code="a">I láthair Dé</marcx:subfield><marcx:subfield code="a">Life</marcx:subfield><marcx:subfield code="a">Rinne tú</marcx:subfield><marcx:subfield code="a">Mary of the Gaels</marcx:subfield><marcx:subfield code="a">Sign from the hills</marcx:subfield><marcx:subfield code="a">Bí thusa mo shúile</marcx:subfield></marcx:datafield><marcx:datafield tag="900" ind1="0" ind2="0"><marcx:subfield code="a">Drennan</marcx:subfield><marcx:subfield code="h">Anthony</marcx:subfield><marcx:subfield code="z">700/1</marcx:subfield></marcx:datafield><marcx:datafield tag="900" ind1="0" ind2="0"><marcx:subfield code="a">Ní Bhraonáin</marcx:subfield><marcx:subfield code="h">Máire</marcx:subfield><marcx:subfield code="z">100</marcx:subfield></marcx:datafield><marcx:datafield tag="900" ind1="0" ind2="0"><marcx:subfield code="a">Bhraonáin</marcx:subfield><marcx:subfield code="h">Máire Ní</marcx:subfield><marcx:subfield code="z">100</marcx:subfield></marcx:datafield><marcx:datafield tag="990" ind1="0" ind2="0"><marcx:subfield code="a">SFG</marcx:subfield><marcx:subfield code="c">C</marcx:subfield><marcx:subfield code="o">200019</marcx:subfield><marcx:subfield code="t">26.05.00</marcx:subfield></marcx:datafield><marcx:datafield tag="996" ind1="0" ind2="0"><marcx:subfield code="a">DBC</marcx:subfield></marcx:datafield></marcx:record>