
<marcx:record format="danMARC2" type="Bibliographic" xmlns:marcx="info:lc/xmlns/marcxchange-v1"><marcx:leader>00000n    2200000   4500</marcx:leader><marcx:datafield tag="001" ind1="0" ind2="0"><marcx:subfield code="a">22445278</marcx:subfield><marcx:subfield code="b">191919</marcx:subfield><marcx:subfield code="c">20100305144136</marcx:subfield><marcx:subfield code="d">19990511</marcx:subfield><marcx:subfield code="f">a</marcx:subfield></marcx:datafield><marcx:datafield tag="004" ind1="0" ind2="0"><marcx:subfield code="r">n</marcx:subfield><marcx:subfield code="a">e</marcx:subfield></marcx:datafield><marcx:datafield tag="008" ind1="0" ind2="0"><marcx:subfield code="t">s</marcx:subfield><marcx:subfield code="u">f</marcx:subfield><marcx:subfield code="a">1999</marcx:subfield><marcx:subfield code="b">gb</marcx:subfield><marcx:subfield code="l">mul</marcx:subfield><marcx:subfield code="v">0</marcx:subfield></marcx:datafield><marcx:datafield tag="009" ind1="0" ind2="0"><marcx:subfield code="a">s</marcx:subfield><marcx:subfield code="g">xc</marcx:subfield></marcx:datafield><marcx:datafield tag="021" ind1="0" ind2="0"><marcx:subfield code="d">kr 147,00</marcx:subfield></marcx:datafield><marcx:datafield tag="032" ind1="0" ind2="0"><marcx:subfield code="a">DMO199921</marcx:subfield><marcx:subfield code="x">SFG199921</marcx:subfield><marcx:subfield code="x">DAT201010</marcx:subfield></marcx:datafield><marcx:datafield tag="039" ind1="0" ind2="0"><marcx:subfield code="a">vok</marcx:subfield></marcx:datafield><marcx:datafield tag="041" ind1="0" ind2="0"><marcx:subfield code="p">eng</marcx:subfield><marcx:subfield code="p">dan</marcx:subfield></marcx:datafield><marcx:datafield tag="100" ind1="0" ind2="0"><marcx:subfield code="a">Grainger</marcx:subfield><marcx:subfield code="h">Percy</marcx:subfield></marcx:datafield><marcx:datafield tag="245" ind1="0" ind2="0"><marcx:subfield code="a">Works for chorus and orchestra 4</marcx:subfield><marcx:subfield code="e">Percy Grainger</marcx:subfield><marcx:subfield code="i">producers Claus Due &amp; Ralph Couzens</marcx:subfield><marcx:subfield code="i">sound engineer Lars S. Christensen</marcx:subfield><marcx:subfield code="i">artistic direction DNRSO &amp; choir Per Erik Veng</marcx:subfield></marcx:datafield><marcx:datafield tag="260" ind1="0" ind2="0"><marcx:subfield code="a">Colchester</marcx:subfield><marcx:subfield code="b">Chandos</marcx:subfield><marcx:subfield code="c">p 1999</marcx:subfield></marcx:datafield><marcx:datafield tag="300" ind1="0" ind2="0"><marcx:subfield code="n">1 cd</marcx:subfield><marcx:subfield code="b">digitaloptagelse</marcx:subfield></marcx:datafield><marcx:datafield tag="440" ind1="0" ind2="0"><marcx:subfield code="a">The ¤Grainger edition</marcx:subfield><marcx:subfield code="V">11</marcx:subfield><marcx:subfield code="v">volume 11</marcx:subfield></marcx:datafield><marcx:datafield tag="512" ind1="0" ind2="0"><marcx:subfield code="a">Indspillet i Danmarks Radios Koncertsal, Radiohuset, København 4.-9. juni 1998</marcx:subfield></marcx:datafield><marcx:datafield tag="512" ind1="0" ind2="0"><marcx:subfield code="a">Tekster på omslag</marcx:subfield></marcx:datafield><marcx:datafield tag="531" ind1="0" ind2="0"><marcx:subfield code="a">Indhold:</marcx:subfield></marcx:datafield><marcx:datafield tag="538" ind1="0" ind2="0"><marcx:subfield code="f">Chandos</marcx:subfield><marcx:subfield code="g">CHAN 9721</marcx:subfield></marcx:datafield><marcx:datafield tag="652" ind1="0" ind2="0"><marcx:subfield code="m">78.652</marcx:subfield></marcx:datafield><marcx:datafield tag="652" ind1="0" ind2="0"><marcx:subfield code="å">11</marcx:subfield><marcx:subfield code="i">78.652</marcx:subfield><marcx:subfield code="i">78.411</marcx:subfield><marcx:subfield code="i">78.652</marcx:subfield><marcx:subfield code="i">78.411</marcx:subfield><marcx:subfield code="i">78.652</marcx:subfield><marcx:subfield code="i">78.411</marcx:subfield><marcx:subfield code="i">78.652</marcx:subfield><marcx:subfield code="i">78.652</marcx:subfield><marcx:subfield code="i">78.411</marcx:subfield><marcx:subfield code="i">78.62</marcx:subfield><marcx:subfield code="v">4</marcx:subfield><marcx:subfield code="i">78.411</marcx:subfield></marcx:datafield><marcx:datafield tag="666" ind1="0" ind2="0"><marcx:subfield code="0"/><marcx:subfield code="m">senromantik</marcx:subfield><marcx:subfield code="m">nationalromantik</marcx:subfield><marcx:subfield code="m">folkesange</marcx:subfield><marcx:subfield code="m">sange</marcx:subfield><marcx:subfield code="n">vokal</marcx:subfield><marcx:subfield code="n">kor</marcx:subfield><marcx:subfield code="n">a cappella</marcx:subfield><marcx:subfield code="n">instrumental</marcx:subfield><marcx:subfield code="n">orkester</marcx:subfield><marcx:subfield code="p">1890-1899</marcx:subfield><marcx:subfield code="p">1900-1909</marcx:subfield><marcx:subfield code="p">1910-1919</marcx:subfield><marcx:subfield code="p">1920-1929</marcx:subfield><marcx:subfield code="p">1940-1949</marcx:subfield><marcx:subfield code="p">1950-1959</marcx:subfield><marcx:subfield code="l">Australien</marcx:subfield><marcx:subfield code="l">USA</marcx:subfield><marcx:subfield code="l">England</marcx:subfield></marcx:datafield><marcx:datafield tag="700" ind1="0" ind2="0"><marcx:subfield code="å">1</marcx:subfield><marcx:subfield code="a">Grove Jørgensen</marcx:subfield><marcx:subfield code="h">Jesper</marcx:subfield></marcx:datafield><marcx:datafield tag="700" ind1="0" ind2="0"><marcx:subfield code="a">Reuter</marcx:subfield><marcx:subfield code="h">Johan</marcx:subfield></marcx:datafield><marcx:datafield tag="700" ind1="0" ind2="0"><marcx:subfield code="a">Stephen</marcx:subfield><marcx:subfield code="h">Pamela Helen</marcx:subfield></marcx:datafield><marcx:datafield tag="700" ind1="0" ind2="0"><marcx:subfield code="a">Hickox</marcx:subfield><marcx:subfield code="h">Richard</marcx:subfield></marcx:datafield><marcx:datafield tag="700" ind1="0" ind2="0"><marcx:subfield code="a">Nandfred</marcx:subfield><marcx:subfield code="h">Kim</marcx:subfield></marcx:datafield><marcx:datafield tag="700" ind1="0" ind2="0"><marcx:subfield code="a">Pedersen</marcx:subfield><marcx:subfield code="h">Lars</marcx:subfield><marcx:subfield code="f">tenor</marcx:subfield></marcx:datafield><marcx:datafield tag="700" ind1="0" ind2="0"><marcx:subfield code="a">Nielsen</marcx:subfield><marcx:subfield code="h">Torsten</marcx:subfield><marcx:subfield code="c">f. 1965</marcx:subfield></marcx:datafield><marcx:datafield tag="700" ind1="0" ind2="0"><marcx:subfield code="a">Fog</marcx:subfield><marcx:subfield code="h">Peter</marcx:subfield></marcx:datafield><marcx:datafield tag="700" ind1="0" ind2="0"><marcx:subfield code="a">Hansen</marcx:subfield><marcx:subfield code="h">Bo Anker</marcx:subfield></marcx:datafield><marcx:datafield tag="700" ind1="0" ind2="0"><marcx:subfield code="a">Lund</marcx:subfield><marcx:subfield code="h">Marianne</marcx:subfield><marcx:subfield code="f">sopran</marcx:subfield></marcx:datafield><marcx:datafield tag="700" ind1="0" ind2="0"><marcx:subfield code="a">Jakobsen</marcx:subfield><marcx:subfield code="h">Hjørdis</marcx:subfield></marcx:datafield><marcx:datafield tag="700" ind1="0" ind2="0"><marcx:subfield code="å">2</marcx:subfield><marcx:subfield code="a">Lindbjerg Simonsen</marcx:subfield><marcx:subfield code="h">Annette</marcx:subfield></marcx:datafield><marcx:datafield tag="700" ind1="0" ind2="0"><marcx:subfield code="a">Streijffert</marcx:subfield><marcx:subfield code="h">Maria</marcx:subfield></marcx:datafield><marcx:datafield tag="700" ind1="0" ind2="0"><marcx:subfield code="å">3</marcx:subfield><marcx:subfield code="a">Højby Nielsen</marcx:subfield><marcx:subfield code="h">Kasper</marcx:subfield></marcx:datafield><marcx:datafield tag="700" ind1="0" ind2="0"><marcx:subfield code="a">Rummel</marcx:subfield><marcx:subfield code="h">Hedwig</marcx:subfield></marcx:datafield><marcx:datafield tag="700" ind1="0" ind2="0"><marcx:subfield code="a">Ould</marcx:subfield><marcx:subfield code="h">Barry Peter</marcx:subfield></marcx:datafield><marcx:datafield tag="700" ind1="0" ind2="0"><marcx:subfield code="a">Hammershaimb</marcx:subfield><marcx:subfield code="h">V. U.</marcx:subfield></marcx:datafield><marcx:datafield tag="700" ind1="0" ind2="0"><marcx:subfield code="a">Tall</marcx:subfield><marcx:subfield code="h">David</marcx:subfield></marcx:datafield><marcx:datafield tag="700" ind1="0" ind2="0"><marcx:subfield code="å">4</marcx:subfield><marcx:subfield code="a">Tang Kristensen</marcx:subfield><marcx:subfield code="h">Evald</marcx:subfield></marcx:datafield><marcx:datafield tag="710" ind1="0" ind2="0"><marcx:subfield code="a">Danmarks Radios Kor</marcx:subfield></marcx:datafield><marcx:datafield tag="710" ind1="0" ind2="0"><marcx:subfield code="a">Danmarks Radios Symfoniorkester</marcx:subfield></marcx:datafield><marcx:datafield tag="770" ind1="0" ind2="0"><marcx:subfield code="å">11</marcx:subfield><marcx:subfield code="a">Grainger</marcx:subfield><marcx:subfield code="h">Percy</marcx:subfield></marcx:datafield><marcx:datafield tag="795" ind1="0" ind2="0"><marcx:subfield code="å">11</marcx:subfield><marcx:subfield code="a">Father and daughter</marcx:subfield><marcx:subfield code="i">trad.</marcx:subfield><marcx:subfield code="i">words are taken from V.H. Hammerschaimb's Færøsk antologi</marcx:subfield><marcx:subfield code="i">solister: Kim Glies Nandfred, Lars Pedersen, Torsten Nielsen, Peter Fog, Bo Anker Hansen</marcx:subfield><marcx:subfield code="e">Danish National Radio Choir</marcx:subfield><marcx:subfield code="e">Danish National Radio Symphony Orchestra</marcx:subfield><marcx:subfield code="e">dirigent: Jesper Grove Jørgensen</marcx:subfield><marcx:subfield code="a">Kleine Variationen-Form</marcx:subfield><marcx:subfield code="e">Danish National Radio Symphony Orchestra</marcx:subfield><marcx:subfield code="e">dirigent: Richard Hickox</marcx:subfield><marcx:subfield code="a">A ¤song of Vermeland</marcx:subfield><marcx:subfield code="i">trad.</marcx:subfield><marcx:subfield code="e">Danish National Radio Choir</marcx:subfield><marcx:subfield code="e">dirigent: Richard Hickox</marcx:subfield><marcx:subfield code="a">To a Nordic princess</marcx:subfield><marcx:subfield code="e">Danish National Radio Symphony</marcx:subfield><marcx:subfield code="e">dirigent: Richard Hickox</marcx:subfield><marcx:subfield code="a">The ¤merry wedding</marcx:subfield><marcx:subfield code="i">trad.</marcx:subfield><marcx:subfield code="i">takes for its text the Faroese folk-poem entitled Brúnsveins vísa found in Hammerschaimb's Færøsk antologi</marcx:subfield><marcx:subfield code="i">solister: Marianne Lund, Hjørdis Jakobsen, Annette Simonsen, Maria Streijffert, Kasper Højby Nielsen, Lars Pedersen,Peter Fog, Bo Anker Hansen</marcx:subfield><marcx:subfield code="e">Johan Reuter, baryton</marcx:subfield><marcx:subfield code="e">Danish National Radio Choir</marcx:subfield><marcx:subfield code="e">Danish National Radio Symphony Orchestra</marcx:subfield><marcx:subfield code="e">dirigent: Jesper Grove Jørgensen</marcx:subfield><marcx:subfield code="a">Stalt Vesselil</marcx:subfield><marcx:subfield code="e">realized by David Tall</marcx:subfield><marcx:subfield code="e">Danish National Radio Symphony Orchestra</marcx:subfield><marcx:subfield code="e">dirigent: Richard Hickox</marcx:subfield><marcx:subfield code="e">The ¤rival brothers</marcx:subfield><marcx:subfield code="i">trad.</marcx:subfield><marcx:subfield code="i">words taken from Hammerschaimb's Færøske kvæder, volume 2</marcx:subfield><marcx:subfield code="i">englished by Grainger</marcx:subfield><marcx:subfield code="e">edited by David Tall</marcx:subfield><marcx:subfield code="i">solister: Hedwig Rummel, Lars Pedersen</marcx:subfield><marcx:subfield code="e">Danish National Radio Choir</marcx:subfield><marcx:subfield code="e">Danish National Radio Symphony Orchestra</marcx:subfield><marcx:subfield code="e">dirigent: Jesper Grove Jørgensen</marcx:subfield><marcx:subfield code="a">Dalvisa</marcx:subfield><marcx:subfield code="e">edited by Barry Peter Ould</marcx:subfield><marcx:subfield code="e">Danish National Radio Choir</marcx:subfield><marcx:subfield code="e">dirigent: Richard Hickox</marcx:subfield><marcx:subfield code="a">The ¤crew of the long serpent</marcx:subfield><marcx:subfield code="e">Danish National Radio Symphony Orchestra</marcx:subfield><marcx:subfield code="e">dirigent: Richard Hickox</marcx:subfield><marcx:subfield code="a">Under a bridge</marcx:subfield><marcx:subfield code="p">Under en bro</marcx:subfield><marcx:subfield code="i">trad.</marcx:subfield><marcx:subfield code="i">tune and words gathered in Jutland with Evald Tang Kristensen</marcx:subfield><marcx:subfield code="e">edited by Barry Peter Ould</marcx:subfield><marcx:subfield code="e">Pamela Helen Stephen, mezzosopran</marcx:subfield><marcx:subfield code="e">Johan Reuter, baryton</marcx:subfield><marcx:subfield code="e">Danish National Radio Symphony Orchestra</marcx:subfield><marcx:subfield code="e">dirigent: Richard Hickox</marcx:subfield><marcx:subfield code="a">Suite on Danish folk songs</marcx:subfield><marcx:subfield code="7"> (</marcx:subfield><marcx:subfield code="v">The ¤power of love</marcx:subfield><marcx:subfield code="v">Lord Peter's stable-boy</marcx:subfield><marcx:subfield code="v">The ¤nightingale and the two sisters</marcx:subfield><marcx:subfield code="v">Jutish medley</marcx:subfield><marcx:subfield code="7"> (</marcx:subfield><marcx:subfield code="v">Choosing the bride</marcx:subfield><marcx:subfield code="v">The ¤dragoon's farewell</marcx:subfield><marcx:subfield code="v">The ¤shoemaker from Jerusalem</marcx:subfield><marcx:subfield code="v">Husband and wife</marcx:subfield><marcx:subfield code="7">)</marcx:subfield><marcx:subfield code="7">) / </marcx:subfield><marcx:subfield code="e">Danish National Radio Symphony Orchestra</marcx:subfield><marcx:subfield code="e">dirigent: Richard Hickox</marcx:subfield></marcx:datafield><marcx:datafield tag="840" ind1="0" ind2="0"><marcx:subfield code="a">The ¤Grainger edition (Chandos)</marcx:subfield><marcx:subfield code="V">11</marcx:subfield><marcx:subfield code="v">volume 11</marcx:subfield></marcx:datafield><marcx:datafield tag="900" ind1="0" ind2="0"><marcx:subfield code="a">Jørgensen</marcx:subfield><marcx:subfield code="h">Jesper Grove</marcx:subfield><marcx:subfield code="z">700/1</marcx:subfield></marcx:datafield><marcx:datafield tag="900" ind1="0" ind2="0"><marcx:subfield code="a">Simonsen</marcx:subfield><marcx:subfield code="h">Annette Lindbjerg</marcx:subfield><marcx:subfield code="z">700/2</marcx:subfield></marcx:datafield><marcx:datafield tag="900" ind1="0" ind2="0"><marcx:subfield code="a">Nielsen</marcx:subfield><marcx:subfield code="h">Kasper Højby</marcx:subfield><marcx:subfield code="z">700/3</marcx:subfield></marcx:datafield><marcx:datafield tag="900" ind1="0" ind2="0"><marcx:subfield code="a">Kristensen</marcx:subfield><marcx:subfield code="h">Evald Tang</marcx:subfield><marcx:subfield code="z">700/4</marcx:subfield></marcx:datafield><marcx:datafield tag="990" ind1="0" ind2="0"><marcx:subfield code="a">SFG</marcx:subfield><marcx:subfield code="c">C</marcx:subfield><marcx:subfield code="o">199921</marcx:subfield><marcx:subfield code="t">11.06.99</marcx:subfield></marcx:datafield><marcx:datafield tag="996" ind1="0" ind2="0"><marcx:subfield code="a">DBC</marcx:subfield></marcx:datafield></marcx:record>