
<marcx:record format="danMARC2" type="Bibliographic" xmlns:marcx="info:lc/xmlns/marcxchange-v1"><marcx:leader>00000n    2200000   4500</marcx:leader><marcx:datafield tag="001" ind1="0" ind2="0"><marcx:subfield code="a">22370618</marcx:subfield><marcx:subfield code="b">191919</marcx:subfield><marcx:subfield code="c">20050407233720</marcx:subfield><marcx:subfield code="d">19990212</marcx:subfield><marcx:subfield code="f">a</marcx:subfield></marcx:datafield><marcx:datafield tag="004" ind1="0" ind2="0"><marcx:subfield code="r">n</marcx:subfield><marcx:subfield code="a">e</marcx:subfield></marcx:datafield><marcx:datafield tag="008" ind1="0" ind2="0"><marcx:subfield code="t">s</marcx:subfield><marcx:subfield code="u">r</marcx:subfield><marcx:subfield code="a">199?</marcx:subfield><marcx:subfield code="b">gb</marcx:subfield><marcx:subfield code="v">0</marcx:subfield></marcx:datafield><marcx:datafield tag="009" ind1="0" ind2="0"><marcx:subfield code="a">s</marcx:subfield><marcx:subfield code="g">xc</marcx:subfield></marcx:datafield><marcx:datafield tag="021" ind1="0" ind2="0"><marcx:subfield code="d">kr. 99,00</marcx:subfield></marcx:datafield><marcx:datafield tag="032" ind1="0" ind2="0"><marcx:subfield code="x">SFG199908</marcx:subfield><marcx:subfield code="x">DAT200514</marcx:subfield></marcx:datafield><marcx:datafield tag="039" ind1="0" ind2="0"><marcx:subfield code="a">bef</marcx:subfield></marcx:datafield><marcx:datafield tag="110" ind1="0" ind2="0"><marcx:subfield code="a">Gong</marcx:subfield></marcx:datafield><marcx:datafield tag="245" ind1="0" ind2="0"><marcx:subfield code="a">Gazeuse!</marcx:subfield><marcx:subfield code="e">Gong (Mireille Bauer, Mino Cinelu, Allan Holdsworth, Didier Malherbe, Benoit Moerlen, Pierre Moerlen, Francis Moze)</marcx:subfield></marcx:datafield><marcx:datafield tag="260" ind1="0" ind2="0"><marcx:subfield code="a">[S.l.]</marcx:subfield><marcx:subfield code="b">Virgin</marcx:subfield><marcx:subfield code="c">[199?], p 1976</marcx:subfield></marcx:datafield><marcx:datafield tag="300" ind1="0" ind2="0"><marcx:subfield code="n">1 cd</marcx:subfield></marcx:datafield><marcx:datafield tag="512" ind1="0" ind2="0"><marcx:subfield code="a">Oprindelig publiceret 1976</marcx:subfield></marcx:datafield><marcx:datafield tag="531" ind1="0" ind2="0"><marcx:subfield code="a">Indhold:</marcx:subfield></marcx:datafield><marcx:datafield tag="538" ind1="0" ind2="0"><marcx:subfield code="f">Virgin</marcx:subfield><marcx:subfield code="g">CDV 2074</marcx:subfield><marcx:subfield code="g">7872382</marcx:subfield></marcx:datafield><marcx:datafield tag="652" ind1="0" ind2="0"><marcx:subfield code="m">78.794</marcx:subfield><marcx:subfield code="v">5</marcx:subfield></marcx:datafield><marcx:datafield tag="666" ind1="0" ind2="0"><marcx:subfield code="0"/><marcx:subfield code="m">rock</marcx:subfield><marcx:subfield code="m">progressiv rock</marcx:subfield><marcx:subfield code="m">fusion</marcx:subfield><marcx:subfield code="n">instrumental</marcx:subfield><marcx:subfield code="n">percussion</marcx:subfield><marcx:subfield code="n">slagtøj</marcx:subfield><marcx:subfield code="n">guitar</marcx:subfield><marcx:subfield code="p">1970-1979</marcx:subfield><marcx:subfield code="l">Frankrig</marcx:subfield><marcx:subfield code="l">England</marcx:subfield></marcx:datafield><marcx:datafield tag="700" ind1="0" ind2="0"><marcx:subfield code="a">Malherbe</marcx:subfield><marcx:subfield code="h">Didier</marcx:subfield></marcx:datafield><marcx:datafield tag="700" ind1="0" ind2="0"><marcx:subfield code="a">Moerlen</marcx:subfield><marcx:subfield code="h">Pierre</marcx:subfield></marcx:datafield><marcx:datafield tag="700" ind1="0" ind2="0"><marcx:subfield code="a">Moerlen</marcx:subfield><marcx:subfield code="h">Benoit</marcx:subfield></marcx:datafield><marcx:datafield tag="700" ind1="0" ind2="0"><marcx:subfield code="a">Bauer</marcx:subfield><marcx:subfield code="h">Mireille</marcx:subfield></marcx:datafield><marcx:datafield tag="700" ind1="0" ind2="0"><marcx:subfield code="a">Holdsworth</marcx:subfield><marcx:subfield code="h">Allan</marcx:subfield></marcx:datafield><marcx:datafield tag="700" ind1="0" ind2="0"><marcx:subfield code="a">Cinelu</marcx:subfield><marcx:subfield code="h">Mino</marcx:subfield></marcx:datafield><marcx:datafield tag="700" ind1="0" ind2="0"><marcx:subfield code="a">Moze</marcx:subfield><marcx:subfield code="h">Francis</marcx:subfield></marcx:datafield><marcx:datafield tag="795" ind1="0" ind2="0"><marcx:subfield code="å">11</marcx:subfield><marcx:subfield code="a">Expresso</marcx:subfield><marcx:subfield code="a">Night illusion</marcx:subfield><marcx:subfield code="a">Percolations (part 1-2)</marcx:subfield><marcx:subfield code="a">Shadows of</marcx:subfield><marcx:subfield code="a">Esnuria</marcx:subfield><marcx:subfield code="a">Mireille</marcx:subfield></marcx:datafield><marcx:datafield tag="990" ind1="0" ind2="0"><marcx:subfield code="a">SFG</marcx:subfield><marcx:subfield code="o">199908</marcx:subfield><marcx:subfield code="c">C</marcx:subfield><marcx:subfield code="t">12.03.99</marcx:subfield></marcx:datafield><marcx:datafield tag="996" ind1="0" ind2="0"><marcx:subfield code="a">DBC</marcx:subfield></marcx:datafield></marcx:record>