
<marcx:record format="danMARC2" type="Bibliographic" xmlns:marcx="info:lc/xmlns/marcxchange-v1"><marcx:leader>00000n    2200000   4500</marcx:leader><marcx:datafield tag="001" ind1="0" ind2="0"><marcx:subfield code="a">22370049</marcx:subfield><marcx:subfield code="b">191919</marcx:subfield><marcx:subfield code="c">20140521100753</marcx:subfield><marcx:subfield code="d">19990212</marcx:subfield><marcx:subfield code="f">a</marcx:subfield></marcx:datafield><marcx:datafield tag="004" ind1="0" ind2="0"><marcx:subfield code="r">n</marcx:subfield><marcx:subfield code="a">e</marcx:subfield></marcx:datafield><marcx:datafield tag="008" ind1="0" ind2="0"><marcx:subfield code="t">s</marcx:subfield><marcx:subfield code="u">f</marcx:subfield><marcx:subfield code="a">1998</marcx:subfield><marcx:subfield code="b">dk</marcx:subfield><marcx:subfield code="l">dan</marcx:subfield><marcx:subfield code="v">4</marcx:subfield></marcx:datafield><marcx:datafield tag="009" ind1="0" ind2="0"><marcx:subfield code="a">p</marcx:subfield><marcx:subfield code="b">c</marcx:subfield><marcx:subfield code="g">xx</marcx:subfield></marcx:datafield><marcx:datafield tag="021" ind1="0" ind2="0"><marcx:subfield code="d">priskode L</marcx:subfield></marcx:datafield><marcx:datafield tag="032" ind1="0" ind2="0"><marcx:subfield code="x">STB002000</marcx:subfield></marcx:datafield><marcx:datafield tag="100" ind1="0" ind2="0"><marcx:subfield code="a">Madsen</marcx:subfield><marcx:subfield code="h">Axel</marcx:subfield><marcx:subfield code="c">f. 1915</marcx:subfield></marcx:datafield><marcx:datafield tag="245" ind1="0" ind2="0"><marcx:subfield code="a">Korsatser til gudstjenesten</marcx:subfield><marcx:subfield code="c">for blandet kor</marcx:subfield><marcx:subfield code="e">Axel Madsen</marcx:subfield><marcx:subfield code="e">redigeret af Hans Chr. Magꜳrd</marcx:subfield></marcx:datafield><marcx:datafield tag="260" ind1="0" ind2="0"><marcx:subfield code="a">København</marcx:subfield><marcx:subfield code="b">Danmarks Blindebibliotek</marcx:subfield><marcx:subfield code="c">1998</marcx:subfield></marcx:datafield><marcx:datafield tag="300" ind1="0" ind2="0"><marcx:subfield code="a">4 bind</marcx:subfield></marcx:datafield><marcx:datafield tag="322" ind1="0" ind2="0"><marcx:subfield code="a">EDB</marcx:subfield></marcx:datafield><marcx:datafield tag="509" ind1="0" ind2="0"><marcx:subfield code="a">For blandet kor a cappella, enkelte satser for unisont kor og orgel</marcx:subfield></marcx:datafield><marcx:datafield tag="520" ind1="0" ind2="0"><marcx:subfield code="a">Overført efter udgaven: Århus : Edition Egtved, 1996. (Edition MK-B ; 028). - (MK-B 028)</marcx:subfield></marcx:datafield><marcx:datafield tag="530" ind1="0" ind2="0"><marcx:subfield code="a">Indhold: Axel Madsen, f. 1915: Adventstider, vinden bider ; Afvend din vrede, Herre Gud ; At holde en sten i hånden ; Det første lys er Ordet ; Betlehem, din englenat ; Det var ikke en nat som de andre ; Dommer over levende og døde ; En dag skal Herrens skaberdrømme ; Fra rummets stjernekåber ; Guds lam, som er slagtet ; Fredløs er freden ; Han er opstanden. Halleluja! ; Himmelduen, Helligånd ; Hvad skal Guds rige lignes ved ; Ikke en spurv falder til jorden ; Julenat en englesang ; Krist for verdens synd er død ; Kristus er verdens lys ; Nu knejser korset ravnesort ; Når stjernerne skælver ; Så dybt har ingen på jorden sig bøjet ; Tag os ud af vore skygger ; Til den påske gæster sorgens have ; Vil natten nu vige, vil dagen nu gry ; Vinden ser vi ikke ; Herre, forbarm dig ; Lovsangen ; Se, brudgommen kommer ved midnat ; Din fødsel, o Kristus, vor Gud ; Da du døbtes i Jordan, o Herre</marcx:subfield></marcx:datafield><marcx:datafield tag="530" ind1="0" ind2="0"><marcx:subfield code="a">Din bryllupssal, o Frelser ; Rens mig med isop ; Kristus er opstanden fra de døde ; Vi tilbeder dig, Fader, Søn og Helligånd ; O Kristus, vor Gud ; Denne dag har Herren skabt ; Kristus har vist sig iblandt os ; Lovprisning ved vesper ; Den store indgang ; Den lille indgang ; Marias lovsang ; Simeons lovsang ; Zakarias' lovsang ; Den himmelske lovsang ; Saligprisningerne</marcx:subfield></marcx:datafield><marcx:datafield tag="538" ind1="0" ind2="0"><marcx:subfield code="i">Best.nr.</marcx:subfield><marcx:subfield code="a">398018</marcx:subfield></marcx:datafield><marcx:datafield tag="652" ind1="0" ind2="0"><marcx:subfield code="m">78.652</marcx:subfield></marcx:datafield><marcx:datafield tag="700" ind1="0" ind2="0"><marcx:subfield code="a">Magꜳrd</marcx:subfield><marcx:subfield code="h">Hans Chr.</marcx:subfield></marcx:datafield><marcx:datafield tag="996" ind1="0" ind2="0"><marcx:subfield code="a">DBC</marcx:subfield></marcx:datafield></marcx:record>