
<marcx:record format="danMARC2" type="Bibliographic" xmlns:marcx="info:lc/xmlns/marcxchange-v1"><marcx:leader>00000n    2200000   4500</marcx:leader><marcx:datafield tag="001" ind1="0" ind2="0"><marcx:subfield code="a">22368478</marcx:subfield><marcx:subfield code="b">191919</marcx:subfield><marcx:subfield code="c">20121019214419</marcx:subfield><marcx:subfield code="d">19990210</marcx:subfield><marcx:subfield code="f">a</marcx:subfield></marcx:datafield><marcx:datafield tag="004" ind1="0" ind2="0"><marcx:subfield code="r">n</marcx:subfield><marcx:subfield code="a">e</marcx:subfield></marcx:datafield><marcx:datafield tag="008" ind1="0" ind2="0"><marcx:subfield code="t">m</marcx:subfield><marcx:subfield code="u">f</marcx:subfield><marcx:subfield code="a">1998</marcx:subfield><marcx:subfield code="b">dk</marcx:subfield><marcx:subfield code="d">å</marcx:subfield><marcx:subfield code="l">dan</marcx:subfield><marcx:subfield code="o">b</marcx:subfield><marcx:subfield code="v">0</marcx:subfield></marcx:datafield><marcx:datafield tag="009" ind1="0" ind2="0"><marcx:subfield code="a">a</marcx:subfield><marcx:subfield code="g">xx</marcx:subfield></marcx:datafield><marcx:datafield tag="021" ind1="0" ind2="0"><marcx:subfield code="a">87-553-2677-3</marcx:subfield><marcx:subfield code="c">ib.</marcx:subfield><marcx:subfield code="d">kr. 178,00</marcx:subfield></marcx:datafield><marcx:datafield tag="032" ind1="0" ind2="0"><marcx:subfield code="a">DBF199909</marcx:subfield><marcx:subfield code="x">BØK199902</marcx:subfield><marcx:subfield code="x">SKO200001</marcx:subfield><marcx:subfield code="x">SFD199909</marcx:subfield><marcx:subfield code="x">DAT991138</marcx:subfield><marcx:subfield code="x">DAT991243</marcx:subfield></marcx:datafield><marcx:datafield tag="038" ind1="0" ind2="0"><marcx:subfield code="a">bi</marcx:subfield></marcx:datafield><marcx:datafield tag="041" ind1="0" ind2="0"><marcx:subfield code="a">dan</marcx:subfield><marcx:subfield code="c">eng</marcx:subfield></marcx:datafield><marcx:datafield tag="100" ind1="0" ind2="0"><marcx:subfield code="0"/><marcx:subfield code="a">Sierra</marcx:subfield><marcx:subfield code="h">Judy</marcx:subfield></marcx:datafield><marcx:datafield tag="241" ind1="0" ind2="0"><marcx:subfield code="a">Counting crocodiles</marcx:subfield></marcx:datafield><marcx:datafield tag="245" ind1="0" ind2="0"><marcx:subfield code="a">Koko tæller krokodiller</marcx:subfield><marcx:subfield code="e">tekst af Judy Sierra</marcx:subfield><marcx:subfield code="e">tegninger af Will Hillenbrand</marcx:subfield><marcx:subfield code="e">dansk gendigtning ved Ejgil Søholm</marcx:subfield></marcx:datafield><marcx:datafield tag="250" ind1="0" ind2="0"><marcx:subfield code="a">1. udgave</marcx:subfield><marcx:subfield code="b">÷</marcx:subfield><marcx:subfield code="x">1. oplag</marcx:subfield></marcx:datafield><marcx:datafield tag="260" ind1="0" ind2="0"><marcx:subfield code="&amp;">1</marcx:subfield><marcx:subfield code="a">Kbh.</marcx:subfield><marcx:subfield code="b">Forum</marcx:subfield><marcx:subfield code="c">1998</marcx:subfield><marcx:subfield code="k">tr. i udl.</marcx:subfield></marcx:datafield><marcx:datafield tag="300" ind1="0" ind2="0"><marcx:subfield code="a">[40] sider</marcx:subfield><marcx:subfield code="b">alle ill. i farver</marcx:subfield><marcx:subfield code="c">24×29 cm</marcx:subfield></marcx:datafield><marcx:datafield tag="504" ind1="0" ind2="0"><marcx:subfield code="&amp;">1</marcx:subfield><marcx:subfield code="a">Billedbog på vers. Tællebog fra 1-10. Hvordan får man en masse skøre krokodiller til at agere bro? Det gør man ved at love at tælle dem! Aben Koko vil gerne have fat i bananerne på en anden ø - og som bekendt narrer den kloge den mindre kloge</marcx:subfield></marcx:datafield><marcx:datafield tag="520" ind1="0" ind2="0"><marcx:subfield code="&amp;">1</marcx:subfield><marcx:subfield code="a">Originaludgave: 1997</marcx:subfield></marcx:datafield><marcx:datafield tag="652" ind1="0" ind2="0"><marcx:subfield code="n">83.8</marcx:subfield><marcx:subfield code="z">291</marcx:subfield></marcx:datafield><marcx:datafield tag="652" ind1="0" ind2="0"><marcx:subfield code="o">sk</marcx:subfield></marcx:datafield><marcx:datafield tag="666" ind1="0" ind2="0"><marcx:subfield code="0"/><marcx:subfield code="s">tal</marcx:subfield></marcx:datafield><marcx:datafield tag="666" ind1="0" ind2="0"><marcx:subfield code="0"/><marcx:subfield code="s">aber</marcx:subfield></marcx:datafield><marcx:datafield tag="666" ind1="0" ind2="0"><marcx:subfield code="0"/><marcx:subfield code="s">sjove bøger</marcx:subfield></marcx:datafield><marcx:datafield tag="666" ind1="0" ind2="0"><marcx:subfield code="0"/><marcx:subfield code="s">krokodiller</marcx:subfield></marcx:datafield><marcx:datafield tag="666" ind1="0" ind2="0"><marcx:subfield code="0"/><marcx:subfield code="o">rim</marcx:subfield></marcx:datafield><marcx:datafield tag="666" ind1="0" ind2="0"><marcx:subfield code="0"/><marcx:subfield code="u">for 3 år</marcx:subfield></marcx:datafield><marcx:datafield tag="666" ind1="0" ind2="0"><marcx:subfield code="0"/><marcx:subfield code="u">for 4 år</marcx:subfield></marcx:datafield><marcx:datafield tag="666" ind1="0" ind2="0"><marcx:subfield code="0"/><marcx:subfield code="u">for 5 år</marcx:subfield></marcx:datafield><marcx:datafield tag="700" ind1="0" ind2="0"><marcx:subfield code="0"/><marcx:subfield code="a">Hillenbrand</marcx:subfield><marcx:subfield code="h">Will</marcx:subfield></marcx:datafield><marcx:datafield tag="700" ind1="0" ind2="0"><marcx:subfield code="0"/><marcx:subfield code="a">Søholm</marcx:subfield><marcx:subfield code="h">Ejgil</marcx:subfield></marcx:datafield><marcx:datafield tag="990" ind1="0" ind2="0"><marcx:subfield code="a">SFD</marcx:subfield><marcx:subfield code="b">L</marcx:subfield><marcx:subfield code="b">S</marcx:subfield><marcx:subfield code="b">B</marcx:subfield><marcx:subfield code="c">A</marcx:subfield><marcx:subfield code="o">199909</marcx:subfield></marcx:datafield><marcx:datafield tag="996" ind1="0" ind2="0"><marcx:subfield code="a">DBC</marcx:subfield></marcx:datafield></marcx:record>