
<marcx:record format="danMARC2" type="Bibliographic" xmlns:marcx="info:lc/xmlns/marcxchange-v1"><marcx:leader>00000n    2200000   4500</marcx:leader><marcx:datafield tag="001" ind1="0" ind2="0"><marcx:subfield code="a">41981180</marcx:subfield><marcx:subfield code="b">191919</marcx:subfield><marcx:subfield code="c">19990510213930</marcx:subfield><marcx:subfield code="d">19990510</marcx:subfield><marcx:subfield code="f">a</marcx:subfield></marcx:datafield><marcx:datafield tag="002" ind1="0" ind2="0"><marcx:subfield code="b">736900</marcx:subfield><marcx:subfield code="c">90180983</marcx:subfield><marcx:subfield code="x">73690090180983</marcx:subfield></marcx:datafield><marcx:datafield tag="004" ind1="0" ind2="0"><marcx:subfield code="r">n</marcx:subfield><marcx:subfield code="a">e</marcx:subfield></marcx:datafield><marcx:datafield tag="008" ind1="0" ind2="0"><marcx:subfield code="t">s</marcx:subfield><marcx:subfield code="v">4</marcx:subfield></marcx:datafield><marcx:datafield tag="009" ind1="0" ind2="0"><marcx:subfield code="a">s</marcx:subfield><marcx:subfield code="g">xh</marcx:subfield></marcx:datafield><marcx:datafield tag="039" ind1="0" ind2="0"><marcx:subfield code="a">kaa</marcx:subfield></marcx:datafield><marcx:datafield tag="100" ind1="0" ind2="0"><marcx:subfield code="a">Kreisler</marcx:subfield><marcx:subfield code="h">Fritz</marcx:subfield></marcx:datafield><marcx:datafield tag="245" ind1="0" ind2="0"><marcx:subfield code="a">Itzhak Perlman spielt Fritz Kreisler, Folge 3</marcx:subfield><marcx:subfield code="e">kompositioner og arrangementer af Fritz Kreisler</marcx:subfield><marcx:subfield code="e">Itzhak Perlman, violin</marcx:subfield><marcx:subfield code="e">Samuel Sanders, klaver</marcx:subfield></marcx:datafield><marcx:datafield tag="260" ind1="0" ind2="0"><marcx:subfield code="b">EMI</marcx:subfield></marcx:datafield><marcx:datafield tag="531" ind1="0" ind2="0"><marcx:subfield code="a">Indhold:</marcx:subfield></marcx:datafield><marcx:datafield tag="538" ind1="0" ind2="0"><marcx:subfield code="f">EMI</marcx:subfield><marcx:subfield code="g">TC-ASD 3980</marcx:subfield></marcx:datafield><marcx:datafield tag="652" ind1="0" ind2="0"><marcx:subfield code="m">78.4342</marcx:subfield></marcx:datafield><marcx:datafield tag="700" ind1="0" ind2="0"><marcx:subfield code="a">Perlman</marcx:subfield><marcx:subfield code="h">Itzhak</marcx:subfield></marcx:datafield><marcx:datafield tag="700" ind1="0" ind2="0"><marcx:subfield code="a">Sanders</marcx:subfield><marcx:subfield code="h">Samuel</marcx:subfield></marcx:datafield><marcx:datafield tag="770" ind1="0" ind2="0"><marcx:subfield code="å">11</marcx:subfield><marcx:subfield code="a">Kreisler</marcx:subfield><marcx:subfield code="h">Fritz</marcx:subfield></marcx:datafield><marcx:datafield tag="770" ind1="0" ind2="0"><marcx:subfield code="å">12</marcx:subfield><marcx:subfield code="a">Chaminade</marcx:subfield><marcx:subfield code="h">Cécile</marcx:subfield></marcx:datafield><marcx:datafield tag="770" ind1="0" ind2="0"><marcx:subfield code="å">13</marcx:subfield><marcx:subfield code="a">Lehár</marcx:subfield><marcx:subfield code="h">Franz</marcx:subfield></marcx:datafield><marcx:datafield tag="770" ind1="0" ind2="0"><marcx:subfield code="å">14</marcx:subfield><marcx:subfield code="a">Paderewski</marcx:subfield><marcx:subfield code="h">Ignacy</marcx:subfield></marcx:datafield><marcx:datafield tag="770" ind1="0" ind2="0"><marcx:subfield code="å">15</marcx:subfield><marcx:subfield code="a">Tjajkovskij</marcx:subfield><marcx:subfield code="h">Petr</marcx:subfield></marcx:datafield><marcx:datafield tag="770" ind1="0" ind2="0"><marcx:subfield code="å">16</marcx:subfield><marcx:subfield code="a">Dvořák</marcx:subfield><marcx:subfield code="h">Antonín</marcx:subfield></marcx:datafield><marcx:datafield tag="770" ind1="0" ind2="0"><marcx:subfield code="å">17</marcx:subfield><marcx:subfield code="a">Paganini</marcx:subfield><marcx:subfield code="h">Nicolò</marcx:subfield></marcx:datafield><marcx:datafield tag="770" ind1="0" ind2="0"><marcx:subfield code="å">18</marcx:subfield><marcx:subfield code="a">Grainger</marcx:subfield><marcx:subfield code="h">Percy</marcx:subfield></marcx:datafield><marcx:datafield tag="795" ind1="0" ind2="0"><marcx:subfield code="å">11</marcx:subfield><marcx:subfield code="a">La ¤précieuse im Stile von Couperin</marcx:subfield><marcx:subfield code="a">Sicilienne und rigaudon im Stile von Francoeur</marcx:subfield><marcx:subfield code="a">Aubade provençal</marcx:subfield><marcx:subfield code="a">Menuet im Stile von Porpora</marcx:subfield><marcx:subfield code="a">Marsch der Spielzeugsoldaten</marcx:subfield><marcx:subfield code="a">Scherzo im Stile von Dittersdorf</marcx:subfield><marcx:subfield code="a">Syncopation</marcx:subfield></marcx:datafield><marcx:datafield tag="795" ind1="0" ind2="0"><marcx:subfield code="å">12</marcx:subfield><marcx:subfield code="a">Sérénade espagnole</marcx:subfield></marcx:datafield><marcx:datafield tag="795" ind1="0" ind2="0"><marcx:subfield code="å">13</marcx:subfield><marcx:subfield code="a">Frasquita-serenade</marcx:subfield></marcx:datafield><marcx:datafield tag="795" ind1="0" ind2="0"><marcx:subfield code="å">14</marcx:subfield><marcx:subfield code="a">Melodi for violin og klaver, opus 16:2</marcx:subfield></marcx:datafield><marcx:datafield tag="795" ind1="0" ind2="0"><marcx:subfield code="å">15</marcx:subfield><marcx:subfield code="a">Andante cantabile</marcx:subfield><marcx:subfield code="c">af Kvartet for 2 violiner, viola og violoncel nr. 1, D-dur, opus 11</marcx:subfield><marcx:subfield code="a">Chant sans paroles, F-dur, opus 2:3</marcx:subfield></marcx:datafield><marcx:datafield tag="795" ind1="0" ind2="0"><marcx:subfield code="å">16</marcx:subfield><marcx:subfield code="a">Slavisk dans nr. 1, g-mol, opus 46:1</marcx:subfield></marcx:datafield><marcx:datafield tag="795" ind1="0" ind2="0"><marcx:subfield code="å">17</marcx:subfield><marcx:subfield code="a">Caprice for violin, opus 1:20</marcx:subfield></marcx:datafield><marcx:datafield tag="795" ind1="0" ind2="0"><marcx:subfield code="å">18</marcx:subfield><marcx:subfield code="a">Molly on the shore</marcx:subfield></marcx:datafield><marcx:datafield tag="996" ind1="0" ind2="0"><marcx:subfield code="a">736900</marcx:subfield></marcx:datafield></marcx:record>