
<record xsi:schemaLocation="http://www.loc.gov/standards/iso25577/marcxchange-1-1.xsd" xmlns="info:lc/xmlns/marcxchange-v1" xmlns:xsi="http://www.w3.org/2001/XMLSchema-instance"><leader>00000n    2200000   4500</leader><datafield tag="001" ind1="0" ind2="0"><subfield code="a">06346863</subfield><subfield code="b">191919</subfield><subfield code="c">20150827141337</subfield><subfield code="d">19860318</subfield><subfield code="f">a</subfield></datafield><datafield tag="004" ind1="0" ind2="0"><subfield code="r">n</subfield><subfield code="a">b</subfield></datafield><datafield tag="008" ind1="0" ind2="0"><subfield code="t">m</subfield><subfield code="u">f</subfield><subfield code="a">1986</subfield><subfield code="d">å</subfield><subfield code="k">a</subfield><subfield code="l">dan</subfield><subfield code="v">0</subfield></datafield><datafield tag="014" ind1="0" ind2="0"><subfield code="a">50246531</subfield></datafield><datafield tag="032" ind1="0" ind2="0"><subfield code="a">DBF198616</subfield><subfield code="x">SFD198616</subfield><subfield code="x">DAT201536</subfield></datafield><datafield tag="245" ind1="0" ind2="0"><subfield code="g">2. del</subfield></datafield><datafield tag="666" ind1="0" ind2="0"><subfield code="o">analyser</subfield></datafield><datafield tag="996" ind1="0" ind2="0"><subfield code="a">DBC</subfield></datafield></record>