
<marcx:record format="danMARC2" type="Bibliographic" xmlns:marcx="info:lc/xmlns/marcxchange-v1"><marcx:leader>00000n    2200000   4500</marcx:leader><marcx:datafield tag="001" ind1="0" ind2="0"><marcx:subfield code="a">22368397</marcx:subfield><marcx:subfield code="b">191919</marcx:subfield><marcx:subfield code="c">20010821115114</marcx:subfield><marcx:subfield code="d">19990210</marcx:subfield><marcx:subfield code="f">a</marcx:subfield></marcx:datafield><marcx:datafield tag="004" ind1="0" ind2="0"><marcx:subfield code="r">n</marcx:subfield><marcx:subfield code="a">e</marcx:subfield></marcx:datafield><marcx:datafield tag="008" ind1="0" ind2="0"><marcx:subfield code="t">s</marcx:subfield><marcx:subfield code="u">f</marcx:subfield><marcx:subfield code="a">1993</marcx:subfield><marcx:subfield code="b">gb</marcx:subfield><marcx:subfield code="v">0</marcx:subfield></marcx:datafield><marcx:datafield tag="009" ind1="0" ind2="0"><marcx:subfield code="a">s</marcx:subfield><marcx:subfield code="g">xc</marcx:subfield></marcx:datafield><marcx:datafield tag="021" ind1="0" ind2="0"><marcx:subfield code="d">kr. 147,00</marcx:subfield></marcx:datafield><marcx:datafield tag="032" ind1="0" ind2="0"><marcx:subfield code="x">SFG199908</marcx:subfield><marcx:subfield code="x">DAT200015</marcx:subfield><marcx:subfield code="x">DAT200135</marcx:subfield></marcx:datafield><marcx:datafield tag="039" ind1="0" ind2="0"><marcx:subfield code="a">ork</marcx:subfield></marcx:datafield><marcx:datafield tag="100" ind1="0" ind2="0"><marcx:subfield code="a">Parry</marcx:subfield><marcx:subfield code="h">Hubert</marcx:subfield></marcx:datafield><marcx:datafield tag="239" ind1="0" ind2="0"><marcx:subfield code="t">An ¤English suite</marcx:subfield><marcx:subfield code="ø">Boughton</marcx:subfield></marcx:datafield><marcx:datafield tag="245" ind1="0" ind2="0"><marcx:subfield code="a">An ¤English suite</marcx:subfield><marcx:subfield code="e">Finzi, Parry, Bridge</marcx:subfield></marcx:datafield><marcx:datafield tag="260" ind1="0" ind2="0"><marcx:subfield code="a">Wyastone Leys</marcx:subfield><marcx:subfield code="b">Nimbus</marcx:subfield><marcx:subfield code="c">p 1993</marcx:subfield></marcx:datafield><marcx:datafield tag="300" ind1="0" ind2="0"><marcx:subfield code="n">1 cd</marcx:subfield><marcx:subfield code="b">digitaloptagelse</marcx:subfield></marcx:datafield><marcx:datafield tag="512" ind1="0" ind2="0"><marcx:subfield code="a">Indspillet i Birmingham, England 1992</marcx:subfield></marcx:datafield><marcx:datafield tag="513" ind1="0" ind2="0"><marcx:subfield code="e">English String Orchestra</marcx:subfield><marcx:subfield code="e">dirigent: William Boughton</marcx:subfield></marcx:datafield><marcx:datafield tag="531" ind1="0" ind2="0"><marcx:subfield code="a">Indeholder også:</marcx:subfield></marcx:datafield><marcx:datafield tag="538" ind1="0" ind2="0"><marcx:subfield code="f">Nimbus</marcx:subfield><marcx:subfield code="g">NI 5366</marcx:subfield></marcx:datafield><marcx:datafield tag="652" ind1="0" ind2="0"><marcx:subfield code="m">78.411</marcx:subfield></marcx:datafield><marcx:datafield tag="652" ind1="0" ind2="0"><marcx:subfield code="å">11</marcx:subfield><marcx:subfield code="i">78.412</marcx:subfield><marcx:subfield code="v">33</marcx:subfield></marcx:datafield><marcx:datafield tag="652" ind1="0" ind2="0"><marcx:subfield code="å">12</marcx:subfield><marcx:subfield code="i">78.411</marcx:subfield><marcx:subfield code="i">78.411</marcx:subfield><marcx:subfield code="i">78.411</marcx:subfield><marcx:subfield code="i">78.411</marcx:subfield><marcx:subfield code="i">78.411</marcx:subfield><marcx:subfield code="i">78.411</marcx:subfield><marcx:subfield code="i">78.411</marcx:subfield></marcx:datafield><marcx:datafield tag="666" ind1="0" ind2="0"><marcx:subfield code="0"/><marcx:subfield code="m">senromantik</marcx:subfield><marcx:subfield code="n">orkester</marcx:subfield><marcx:subfield code="n">strygeorkester</marcx:subfield><marcx:subfield code="p">1910-1919</marcx:subfield><marcx:subfield code="l">England</marcx:subfield></marcx:datafield><marcx:datafield tag="666" ind1="0" ind2="0"><marcx:subfield code="0"/><marcx:subfield code="å">11</marcx:subfield><marcx:subfield code="m">senromantik</marcx:subfield><marcx:subfield code="n">klaver</marcx:subfield><marcx:subfield code="n">orkester</marcx:subfield><marcx:subfield code="n">strygeorkester</marcx:subfield><marcx:subfield code="p">1920-1929</marcx:subfield><marcx:subfield code="p">1940-1949</marcx:subfield><marcx:subfield code="l">England</marcx:subfield></marcx:datafield><marcx:datafield tag="666" ind1="0" ind2="0"><marcx:subfield code="0"/><marcx:subfield code="å">12</marcx:subfield><marcx:subfield code="m">senromantik</marcx:subfield><marcx:subfield code="n">orkester</marcx:subfield><marcx:subfield code="n">strygeorkester</marcx:subfield><marcx:subfield code="p">1900-1909</marcx:subfield><marcx:subfield code="p">1910-1919</marcx:subfield><marcx:subfield code="p">1920-1929</marcx:subfield><marcx:subfield code="p">1930-1939</marcx:subfield><marcx:subfield code="l">England</marcx:subfield></marcx:datafield><marcx:datafield tag="700" ind1="0" ind2="0"><marcx:subfield code="a">Boughton</marcx:subfield><marcx:subfield code="h">William</marcx:subfield></marcx:datafield><marcx:datafield tag="700" ind1="0" ind2="0"><marcx:subfield code="a">Jones</marcx:subfield><marcx:subfield code="h">Martin</marcx:subfield><marcx:subfield code="c">f. 1940</marcx:subfield></marcx:datafield><marcx:datafield tag="710" ind1="0" ind2="0"><marcx:subfield code="a">Det ¤Engelske Strygeorkester</marcx:subfield></marcx:datafield><marcx:datafield tag="770" ind1="0" ind2="0"><marcx:subfield code="å">11</marcx:subfield><marcx:subfield code="a">Finzi</marcx:subfield><marcx:subfield code="h">Gerald</marcx:subfield></marcx:datafield><marcx:datafield tag="770" ind1="0" ind2="0"><marcx:subfield code="å">12</marcx:subfield><marcx:subfield code="a">Bridge</marcx:subfield><marcx:subfield code="h">Frank</marcx:subfield></marcx:datafield><marcx:datafield tag="795" ind1="0" ind2="0"><marcx:subfield code="å">11</marcx:subfield><marcx:subfield code="a">Eclogue, opus 10</marcx:subfield><marcx:subfield code="e">Martin Jones, klaver</marcx:subfield></marcx:datafield><marcx:datafield tag="795" ind1="0" ind2="0"><marcx:subfield code="å">12</marcx:subfield><marcx:subfield code="a">Sir Roger de Coverley</marcx:subfield><marcx:subfield code="a">An ¤Irish melody</marcx:subfield><marcx:subfield code="u">Londonderry air</marcx:subfield><marcx:subfield code="a">There is a willow grows aslant a brook</marcx:subfield><marcx:subfield code="a">Entr'actes</marcx:subfield><marcx:subfield code="a">Sally in our alley</marcx:subfield><marcx:subfield code="a">Cherry Ripe</marcx:subfield><marcx:subfield code="a">Lament</marcx:subfield></marcx:datafield><marcx:datafield tag="990" ind1="0" ind2="0"><marcx:subfield code="a">SFG</marcx:subfield><marcx:subfield code="c">C</marcx:subfield><marcx:subfield code="o">199908</marcx:subfield><marcx:subfield code="t">12.03.99</marcx:subfield></marcx:datafield><marcx:datafield tag="996" ind1="0" ind2="0"><marcx:subfield code="a">DBC</marcx:subfield></marcx:datafield></marcx:record>