
<marcx:record format="danMARC2" type="Bibliographic" xmlns:marcx="info:lc/xmlns/marcxchange-v1"><marcx:leader>00000n    2200000   4500</marcx:leader><marcx:datafield tag="001" ind1="0" ind2="0"><marcx:subfield code="a">22371843</marcx:subfield><marcx:subfield code="b">191919</marcx:subfield><marcx:subfield code="c">20000514233817</marcx:subfield><marcx:subfield code="d">19990216</marcx:subfield><marcx:subfield code="f">a</marcx:subfield></marcx:datafield><marcx:datafield tag="004" ind1="0" ind2="0"><marcx:subfield code="r">n</marcx:subfield><marcx:subfield code="a">e</marcx:subfield></marcx:datafield><marcx:datafield tag="008" ind1="0" ind2="0"><marcx:subfield code="t">s</marcx:subfield><marcx:subfield code="u">f</marcx:subfield><marcx:subfield code="a">1998</marcx:subfield><marcx:subfield code="b">xx</marcx:subfield><marcx:subfield code="l">ita</marcx:subfield><marcx:subfield code="v">0</marcx:subfield></marcx:datafield><marcx:datafield tag="009" ind1="0" ind2="0"><marcx:subfield code="a">s</marcx:subfield><marcx:subfield code="g">xc</marcx:subfield></marcx:datafield><marcx:datafield tag="021" ind1="0" ind2="0"><marcx:subfield code="d">kr. 84,00</marcx:subfield></marcx:datafield><marcx:datafield tag="032" ind1="0" ind2="0"><marcx:subfield code="x">SFG199909</marcx:subfield><marcx:subfield code="x">DAT199912</marcx:subfield><marcx:subfield code="x">DAT200021</marcx:subfield></marcx:datafield><marcx:datafield tag="039" ind1="0" ind2="0"><marcx:subfield code="a">opa</marcx:subfield></marcx:datafield><marcx:datafield tag="100" ind1="0" ind2="0"><marcx:subfield code="a">Gobbi</marcx:subfield><marcx:subfield code="h">Tito</marcx:subfield></marcx:datafield><marcx:datafield tag="245" ind1="0" ind2="0"><marcx:subfield code="a">Heroes</marcx:subfield><marcx:subfield code="e">Tito Gobbi, baryton</marcx:subfield></marcx:datafield><marcx:datafield tag="260" ind1="0" ind2="0"><marcx:subfield code="a">[S.l.]</marcx:subfield><marcx:subfield code="b">EMI Classics</marcx:subfield><marcx:subfield code="c">p 1998</marcx:subfield></marcx:datafield><marcx:datafield tag="300" ind1="0" ind2="0"><marcx:subfield code="n">1 cd</marcx:subfield><marcx:subfield code="b">mono og stereo</marcx:subfield></marcx:datafield><marcx:datafield tag="440" ind1="0" ind2="0"><marcx:subfield code="0"/><marcx:subfield code="a">Heroes</marcx:subfield></marcx:datafield><marcx:datafield tag="512" ind1="0" ind2="0"><marcx:subfield code="a">Indspilninger publiceret 1953-1964</marcx:subfield></marcx:datafield><marcx:datafield tag="531" ind1="0" ind2="0"><marcx:subfield code="a">Indhold:</marcx:subfield></marcx:datafield><marcx:datafield tag="538" ind1="0" ind2="0"><marcx:subfield code="f">EMI Classics</marcx:subfield><marcx:subfield code="g">5668102</marcx:subfield></marcx:datafield><marcx:datafield tag="652" ind1="0" ind2="0"><marcx:subfield code="m">78.811</marcx:subfield></marcx:datafield><marcx:datafield tag="652" ind1="0" ind2="0"><marcx:subfield code="å">11</marcx:subfield><marcx:subfield code="i">78.81</marcx:subfield><marcx:subfield code="v">2</marcx:subfield><marcx:subfield code="i">78.81</marcx:subfield><marcx:subfield code="v">2</marcx:subfield></marcx:datafield><marcx:datafield tag="652" ind1="0" ind2="0"><marcx:subfield code="å">12</marcx:subfield><marcx:subfield code="i">78.81</marcx:subfield><marcx:subfield code="v">2</marcx:subfield><marcx:subfield code="i">78.81</marcx:subfield><marcx:subfield code="v">2</marcx:subfield></marcx:datafield><marcx:datafield tag="652" ind1="0" ind2="0"><marcx:subfield code="å">13</marcx:subfield><marcx:subfield code="i">78.81</marcx:subfield><marcx:subfield code="v">2</marcx:subfield><marcx:subfield code="i">78.81</marcx:subfield><marcx:subfield code="v">2</marcx:subfield><marcx:subfield code="i">78.81</marcx:subfield><marcx:subfield code="v">2</marcx:subfield><marcx:subfield code="i">78.81</marcx:subfield><marcx:subfield code="v">2</marcx:subfield><marcx:subfield code="i">78.81</marcx:subfield><marcx:subfield code="v">2</marcx:subfield><marcx:subfield code="i">78.81</marcx:subfield><marcx:subfield code="v">2</marcx:subfield><marcx:subfield code="i">78.81</marcx:subfield><marcx:subfield code="v">2</marcx:subfield></marcx:datafield><marcx:datafield tag="652" ind1="0" ind2="0"><marcx:subfield code="å">14</marcx:subfield><marcx:subfield code="i">78.81</marcx:subfield><marcx:subfield code="v">2</marcx:subfield></marcx:datafield><marcx:datafield tag="652" ind1="0" ind2="0"><marcx:subfield code="å">15</marcx:subfield><marcx:subfield code="i">78.81</marcx:subfield><marcx:subfield code="v">2</marcx:subfield></marcx:datafield><marcx:datafield tag="666" ind1="0" ind2="0"><marcx:subfield code="0"/><marcx:subfield code="o">historiske optagelser</marcx:subfield></marcx:datafield><marcx:datafield tag="666" ind1="0" ind2="0"><marcx:subfield code="0"/><marcx:subfield code="m">romantik</marcx:subfield><marcx:subfield code="m">senromantik</marcx:subfield><marcx:subfield code="m">operaarie</marcx:subfield><marcx:subfield code="m">arie</marcx:subfield><marcx:subfield code="n">vokal</marcx:subfield><marcx:subfield code="p">1800-1899</marcx:subfield><marcx:subfield code="l">Italien</marcx:subfield></marcx:datafield><marcx:datafield tag="700" ind1="0" ind2="0"><marcx:subfield code="a">Alva</marcx:subfield><marcx:subfield code="h">Luigi</marcx:subfield></marcx:datafield><marcx:datafield tag="700" ind1="0" ind2="0"><marcx:subfield code="a">Galliera</marcx:subfield><marcx:subfield code="h">Alceo</marcx:subfield></marcx:datafield><marcx:datafield tag="700" ind1="0" ind2="0"><marcx:subfield code="a">Sarri</marcx:subfield><marcx:subfield code="h">Gino</marcx:subfield></marcx:datafield><marcx:datafield tag="700" ind1="0" ind2="0"><marcx:subfield code="a">Arie</marcx:subfield><marcx:subfield code="h">Raffaele</marcx:subfield></marcx:datafield><marcx:datafield tag="700" ind1="0" ind2="0"><marcx:subfield code="a">Serafin</marcx:subfield><marcx:subfield code="h">Tullio</marcx:subfield></marcx:datafield><marcx:datafield tag="700" ind1="0" ind2="0"><marcx:subfield code="a">Angeles</marcx:subfield><marcx:subfield code="h">Victoria de los</marcx:subfield></marcx:datafield><marcx:datafield tag="700" ind1="0" ind2="0"><marcx:subfield code="a">Santini</marcx:subfield><marcx:subfield code="h">Gabriele</marcx:subfield></marcx:datafield><marcx:datafield tag="700" ind1="0" ind2="0"><marcx:subfield code="a">Votto</marcx:subfield><marcx:subfield code="h">Antonino</marcx:subfield></marcx:datafield><marcx:datafield tag="700" ind1="0" ind2="0"><marcx:subfield code="a">Erede</marcx:subfield><marcx:subfield code="h">Alberto</marcx:subfield></marcx:datafield><marcx:datafield tag="700" ind1="0" ind2="0"><marcx:subfield code="a">Karajan</marcx:subfield><marcx:subfield code="h">Herbert von</marcx:subfield></marcx:datafield><marcx:datafield tag="700" ind1="0" ind2="0"><marcx:subfield code="a">Callas</marcx:subfield><marcx:subfield code="h">Maria</marcx:subfield></marcx:datafield><marcx:datafield tag="700" ind1="0" ind2="0"><marcx:subfield code="å">1</marcx:subfield><marcx:subfield code="A">desabata</marcx:subfield><marcx:subfield code="a">De Sabata</marcx:subfield><marcx:subfield code="h">Victor</marcx:subfield></marcx:datafield><marcx:datafield tag="710" ind1="0" ind2="0"><marcx:subfield code="a">Philharmonia-Orkestret, London</marcx:subfield></marcx:datafield><marcx:datafield tag="710" ind1="0" ind2="0"><marcx:subfield code="a">Maggio Musicale Fiorentino's Kor</marcx:subfield></marcx:datafield><marcx:datafield tag="710" ind1="0" ind2="0"><marcx:subfield code="a">Maggio Musicale Fiorentino's Orkester</marcx:subfield></marcx:datafield><marcx:datafield tag="710" ind1="0" ind2="0"><marcx:subfield code="a">Scala-Operaens Orkester</marcx:subfield></marcx:datafield><marcx:datafield tag="710" ind1="0" ind2="0"><marcx:subfield code="a">Roms Operas Orkester</marcx:subfield></marcx:datafield><marcx:datafield tag="710" ind1="0" ind2="0"><marcx:subfield code="a">Scala-Operaens Kor</marcx:subfield></marcx:datafield><marcx:datafield tag="770" ind1="0" ind2="0"><marcx:subfield code="å">11</marcx:subfield><marcx:subfield code="a">Rossini</marcx:subfield><marcx:subfield code="h">Gioacchino</marcx:subfield></marcx:datafield><marcx:datafield tag="770" ind1="0" ind2="0"><marcx:subfield code="å">12</marcx:subfield><marcx:subfield code="a">Donizetti</marcx:subfield><marcx:subfield code="h">Gaetano</marcx:subfield></marcx:datafield><marcx:datafield tag="770" ind1="0" ind2="0"><marcx:subfield code="å">13</marcx:subfield><marcx:subfield code="a">Verdi</marcx:subfield><marcx:subfield code="h">Giuseppe</marcx:subfield></marcx:datafield><marcx:datafield tag="770" ind1="0" ind2="0"><marcx:subfield code="å">14</marcx:subfield><marcx:subfield code="a">Leoncavallo</marcx:subfield><marcx:subfield code="h">Ruggiero</marcx:subfield></marcx:datafield><marcx:datafield tag="770" ind1="0" ind2="0"><marcx:subfield code="å">15</marcx:subfield><marcx:subfield code="a">Puccini</marcx:subfield><marcx:subfield code="h">Giacomo</marcx:subfield></marcx:datafield><marcx:datafield tag="795" ind1="0" ind2="0"><marcx:subfield code="å">11</marcx:subfield><marcx:subfield code="a">Barberen i Sevilla</marcx:subfield><marcx:subfield code="7"> (</marcx:subfield><marcx:subfield code="v">Largo al factotum</marcx:subfield><marcx:subfield code="7">)</marcx:subfield><marcx:subfield code="e">Philharmonia Orchestra</marcx:subfield><marcx:subfield code="e">dirigent: Alceo Galliera</marcx:subfield><marcx:subfield code="a">Barberen i Sevilla</marcx:subfield><marcx:subfield code="7"> (</marcx:subfield><marcx:subfield code="v">All' idea di quel metallo</marcx:subfield><marcx:subfield code="7">)</marcx:subfield><marcx:subfield code="e">Luigi Alva, tenor</marcx:subfield><marcx:subfield code="e">Philharmonia Orchestra</marcx:subfield><marcx:subfield code="e">dirigent: Alceo Galliera</marcx:subfield></marcx:datafield><marcx:datafield tag="795" ind1="0" ind2="0"><marcx:subfield code="å">12</marcx:subfield><marcx:subfield code="a">Lucia di Lammermoor</marcx:subfield><marcx:subfield code="7"> (</marcx:subfield><marcx:subfield code="v">Cruda, funesta smania</marcx:subfield><marcx:subfield code="7">)</marcx:subfield><marcx:subfield code="e">Coro e Orchestra del Maggio Musicale Fiorentino</marcx:subfield><marcx:subfield code="e">dirigent: Tullio Serafin</marcx:subfield><marcx:subfield code="a">Lucia di Lammermoor</marcx:subfield><marcx:subfield code="7"> (</marcx:subfield><marcx:subfield code="v">La ¤pietade in suo favore</marcx:subfield><marcx:subfield code="7">)</marcx:subfield><marcx:subfield code="e">Gino Sarri, tenor</marcx:subfield><marcx:subfield code="i">Raffaele Arié, bas</marcx:subfield><marcx:subfield code="e">Coro e Orchestra del Maggio Musicale Fiorentino</marcx:subfield><marcx:subfield code="e">dirigent: Tullio Serafin</marcx:subfield></marcx:datafield><marcx:datafield tag="795" ind1="0" ind2="0"><marcx:subfield code="å">13</marcx:subfield><marcx:subfield code="a">Rigoletto</marcx:subfield><marcx:subfield code="7"> (</marcx:subfield><marcx:subfield code="v">Cortigiani, vil razza dannata</marcx:subfield><marcx:subfield code="7">)</marcx:subfield><marcx:subfield code="e">Orchestra del Teatro alla Scala, Milano</marcx:subfield><marcx:subfield code="e">dirigent: Tullio Serafin</marcx:subfield><marcx:subfield code="a">La ¤traviata</marcx:subfield><marcx:subfield code="7"> (</marcx:subfield><marcx:subfield code="v">Di Provenza il mar</marcx:subfield><marcx:subfield code="7">)</marcx:subfield><marcx:subfield code="e">Orchestra del Teatro alla Scala, Milano</marcx:subfield><marcx:subfield code="e">dirigent: Tullio Serafin</marcx:subfield><marcx:subfield code="a">Simone Boccanegra</marcx:subfield><marcx:subfield code="7"> (</marcx:subfield><marcx:subfield code="v">Dinne</marcx:subfield><marcx:subfield code="7"> ... </marcx:subfield><marcx:subfield code="v">Figlia! A tal nome palpito</marcx:subfield><marcx:subfield code="7">)</marcx:subfield><marcx:subfield code="e">Victoria de los Angeles, sopran</marcx:subfield><marcx:subfield code="e">Orchestra del Teatro dell'Opera di Roma</marcx:subfield><marcx:subfield code="e">dirigent: Gabriele Santini</marcx:subfield><marcx:subfield code="a">Maskeballet</marcx:subfield><marcx:subfield code="7"> (</marcx:subfield><marcx:subfield code="v">Alla vita che t'arride</marcx:subfield><marcx:subfield code="v">Alzati!</marcx:subfield><marcx:subfield code="7"> ... </marcx:subfield><marcx:subfield code="v">Eri tu</marcx:subfield><marcx:subfield code="7">)</marcx:subfield><marcx:subfield code="e">Orchestra del Teatro alla Scala, Milano</marcx:subfield><marcx:subfield code="e">dirigent: Antonio Votto</marcx:subfield><marcx:subfield code="a">Don Carlos</marcx:subfield><marcx:subfield code="7"> (</marcx:subfield><marcx:subfield code="v">Per me giunto</marcx:subfield><marcx:subfield code="v">O Carlo, ascolta</marcx:subfield><marcx:subfield code="7">)</marcx:subfield><marcx:subfield code="e">Orchestra del Teatro dell'Opera di Roma</marcx:subfield><marcx:subfield code="e">dirigent: Gabriele Santini</marcx:subfield><marcx:subfield code="a">Othello</marcx:subfield><marcx:subfield code="7"> (</marcx:subfield><marcx:subfield code="v">Vanne!</marcx:subfield><marcx:subfield code="7"> ... </marcx:subfield><marcx:subfield code="v">Credo in un Dio crudel</marcx:subfield><marcx:subfield code="7">)</marcx:subfield><marcx:subfield code="e">Philharmonia Orchestra</marcx:subfield><marcx:subfield code="e">dirigent: Alberto Erede</marcx:subfield><marcx:subfield code="a">Falstaff</marcx:subfield><marcx:subfield code="7"> (</marcx:subfield><marcx:subfield code="v">L'onore! Ladri!</marcx:subfield><marcx:subfield code="7">)</marcx:subfield><marcx:subfield code="e">Philharmonia Orchestra</marcx:subfield><marcx:subfield code="e">dirigent: Herbert von Karajan</marcx:subfield></marcx:datafield><marcx:datafield tag="795" ind1="0" ind2="0"><marcx:subfield code="å">14</marcx:subfield><marcx:subfield code="a">Bajadser</marcx:subfield><marcx:subfield code="7"> (</marcx:subfield><marcx:subfield code="v">Si può? Si può?</marcx:subfield><marcx:subfield code="7">)</marcx:subfield><marcx:subfield code="e">Orchestra del Teatro alla Scala, Milano</marcx:subfield><marcx:subfield code="e">dirigent: Tullio Serafin</marcx:subfield></marcx:datafield><marcx:datafield tag="795" ind1="0" ind2="0"><marcx:subfield code="å">15</marcx:subfield><marcx:subfield code="a">Tosca</marcx:subfield><marcx:subfield code="7"> (</marcx:subfield><marcx:subfield code="v">Tre sbirri, una carrozza</marcx:subfield><marcx:subfield code="v">La ¤povera mia cena fu interrotta</marcx:subfield><marcx:subfield code="7">)</marcx:subfield><marcx:subfield code="e">Maria Callas, sopran</marcx:subfield><marcx:subfield code="e">Coro e Orchestra del Teatro alla Scala, Milano</marcx:subfield><marcx:subfield code="e">dirigent: Victor de Sabata</marcx:subfield></marcx:datafield><marcx:datafield tag="900" ind1="0" ind2="0"><marcx:subfield code="a">Sabata</marcx:subfield><marcx:subfield code="h">Victor de</marcx:subfield><marcx:subfield code="z">700/1</marcx:subfield></marcx:datafield><marcx:datafield tag="990" ind1="0" ind2="0"><marcx:subfield code="a">SFG</marcx:subfield><marcx:subfield code="c">C</marcx:subfield><marcx:subfield code="o">199909</marcx:subfield><marcx:subfield code="t">19.03.99</marcx:subfield></marcx:datafield><marcx:datafield tag="991" ind1="0" ind2="0"><marcx:subfield code="o">\(Jyllands-posten 1998-09-29)\</marcx:subfield></marcx:datafield><marcx:datafield tag="996" ind1="0" ind2="0"><marcx:subfield code="a">DBC</marcx:subfield></marcx:datafield></marcx:record>