
<marcx:record format="danMARC2" type="Bibliographic" xmlns:marcx="info:lc/xmlns/marcxchange-v1"><marcx:leader>00000n    2200000   4500</marcx:leader><marcx:datafield tag="001" ind1="0" ind2="0"><marcx:subfield code="a">22368915</marcx:subfield><marcx:subfield code="b">191919</marcx:subfield><marcx:subfield code="c">20000515033248</marcx:subfield><marcx:subfield code="d">19990210</marcx:subfield><marcx:subfield code="f">a</marcx:subfield></marcx:datafield><marcx:datafield tag="004" ind1="0" ind2="0"><marcx:subfield code="r">n</marcx:subfield><marcx:subfield code="a">e</marcx:subfield></marcx:datafield><marcx:datafield tag="005" ind1="0" ind2="0"><marcx:subfield code="h">e</marcx:subfield></marcx:datafield><marcx:datafield tag="008" ind1="0" ind2="0"><marcx:subfield code="t">s</marcx:subfield><marcx:subfield code="u">f</marcx:subfield><marcx:subfield code="a">1999</marcx:subfield><marcx:subfield code="b">dk</marcx:subfield><marcx:subfield code="v">0</marcx:subfield></marcx:datafield><marcx:datafield tag="009" ind1="0" ind2="0"><marcx:subfield code="a">s</marcx:subfield><marcx:subfield code="g">xc</marcx:subfield></marcx:datafield><marcx:datafield tag="020" ind1="0" ind2="0"><marcx:subfield code="a">dk</marcx:subfield></marcx:datafield><marcx:datafield tag="021" ind1="0" ind2="0"><marcx:subfield code="d">kr. 147,00</marcx:subfield></marcx:datafield><marcx:datafield tag="032" ind1="0" ind2="0"><marcx:subfield code="x">BØK199902</marcx:subfield><marcx:subfield code="x">SFG199914</marcx:subfield><marcx:subfield code="a">DMO199914</marcx:subfield><marcx:subfield code="x">DAT199936</marcx:subfield><marcx:subfield code="x">DAT200021</marcx:subfield></marcx:datafield><marcx:datafield tag="039" ind1="0" ind2="0"><marcx:subfield code="a">bef</marcx:subfield></marcx:datafield><marcx:datafield tag="110" ind1="0" ind2="0"><marcx:subfield code="a">Hotel Hunger</marcx:subfield></marcx:datafield><marcx:datafield tag="245" ind1="0" ind2="0"><marcx:subfield code="a">Get your hands off</marcx:subfield><marcx:subfield code="j">Hotel Hunger (Jimmy Jørgensen, Henrik Botoft, Michael Ziegler, Kasper Foss) with Jacob Andersen, Knut E. Hꜳvik ... et al.</marcx:subfield><marcx:subfield code="i">Hotel Hunger (Jimmy Jørgensen, vocals ;  Henrik Botoft: guitars ; Michael Ziegler: bass ; Kasper Foss: drums)</marcx:subfield><marcx:subfield code="i">Jacob Andersen: percussion</marcx:subfield><marcx:subfield code="i">Knut E. Hꜳvik: programming</marcx:subfield><marcx:subfield code="i">produced by: René Cambony &amp; Knut E. Hꜳvik</marcx:subfield><marcx:subfield code="i">mixed by: René Cambony &amp; Teis Frandsen</marcx:subfield><marcx:subfield code="i">engineered by: Teis Frandsen</marcx:subfield></marcx:datafield><marcx:datafield tag="260" ind1="0" ind2="0"><marcx:subfield code="a">[Kbh.]</marcx:subfield><marcx:subfield code="b">EMI-Medley</marcx:subfield><marcx:subfield code="c">p 1999</marcx:subfield></marcx:datafield><marcx:datafield tag="300" ind1="0" ind2="0"><marcx:subfield code="n">1 cd</marcx:subfield></marcx:datafield><marcx:datafield tag="512" ind1="0" ind2="0"><marcx:subfield code="&amp;">0</marcx:subfield><marcx:subfield code="a">Indspillet i København</marcx:subfield></marcx:datafield><marcx:datafield tag="512" ind1="0" ind2="0"><marcx:subfield code="a">Tekster på omslag</marcx:subfield></marcx:datafield><marcx:datafield tag="531" ind1="0" ind2="0"><marcx:subfield code="a">Indhold:</marcx:subfield></marcx:datafield><marcx:datafield tag="538" ind1="0" ind2="0"><marcx:subfield code="f">EMI-Medley</marcx:subfield><marcx:subfield code="g">4996072</marcx:subfield></marcx:datafield><marcx:datafield tag="652" ind1="0" ind2="0"><marcx:subfield code="m">78.794</marcx:subfield><marcx:subfield code="v">5</marcx:subfield></marcx:datafield><marcx:datafield tag="666" ind1="0" ind2="0"><marcx:subfield code="0"/><marcx:subfield code="m">rock</marcx:subfield><marcx:subfield code="n">vokal</marcx:subfield><marcx:subfield code="p">1990-1999</marcx:subfield><marcx:subfield code="l">Danmark</marcx:subfield></marcx:datafield><marcx:datafield tag="700" ind1="0" ind2="0"><marcx:subfield code="a">Jørgensen</marcx:subfield><marcx:subfield code="h">Jimmy</marcx:subfield></marcx:datafield><marcx:datafield tag="700" ind1="0" ind2="0"><marcx:subfield code="å">1</marcx:subfield><marcx:subfield code="a">Botoft Andersen</marcx:subfield><marcx:subfield code="h">Henrik</marcx:subfield></marcx:datafield><marcx:datafield tag="700" ind1="0" ind2="0"><marcx:subfield code="a">Ziegler</marcx:subfield><marcx:subfield code="h">Michael</marcx:subfield></marcx:datafield><marcx:datafield tag="700" ind1="0" ind2="0"><marcx:subfield code="a">Foss</marcx:subfield><marcx:subfield code="h">Kasper</marcx:subfield></marcx:datafield><marcx:datafield tag="700" ind1="0" ind2="0"><marcx:subfield code="a">Hꜳvik</marcx:subfield><marcx:subfield code="h">Knut E.</marcx:subfield></marcx:datafield><marcx:datafield tag="700" ind1="0" ind2="0"><marcx:subfield code="å">2</marcx:subfield><marcx:subfield code="a">Unmack Larsen</marcx:subfield><marcx:subfield code="h">Jens</marcx:subfield></marcx:datafield><marcx:datafield tag="700" ind1="0" ind2="0"><marcx:subfield code="a">Andersen</marcx:subfield><marcx:subfield code="h">Jacob</marcx:subfield><marcx:subfield code="c">f. 1960-08-19</marcx:subfield></marcx:datafield><marcx:datafield tag="700" ind1="0" ind2="0"><marcx:subfield code="a">Cambony</marcx:subfield><marcx:subfield code="h">René</marcx:subfield></marcx:datafield><marcx:datafield tag="700" ind1="0" ind2="0"><marcx:subfield code="a">Scrass</marcx:subfield></marcx:datafield><marcx:datafield tag="700" ind1="0" ind2="0"><marcx:subfield code="a">Lavon</marcx:subfield><marcx:subfield code="h">Peaches</marcx:subfield></marcx:datafield><marcx:datafield tag="700" ind1="0" ind2="0"><marcx:subfield code="a">Campos</marcx:subfield><marcx:subfield code="h">Albert</marcx:subfield></marcx:datafield><marcx:datafield tag="700" ind1="0" ind2="0"><marcx:subfield code="a">Balling</marcx:subfield><marcx:subfield code="h">Henrik</marcx:subfield></marcx:datafield><marcx:datafield tag="795" ind1="0" ind2="0"><marcx:subfield code="å">11</marcx:subfield><marcx:subfield code="a">Get your hands off</marcx:subfield><marcx:subfield code="i">Jørgensen, Unmack/Jørgensen, Botoft</marcx:subfield><marcx:subfield code="i">Scrass: scratch</marcx:subfield><marcx:subfield code="a">3'rd eye blind</marcx:subfield><marcx:subfield code="i">Jørgensen/Jørgensen, Ziegler, Foss</marcx:subfield><marcx:subfield code="a">Sympathy</marcx:subfield><marcx:subfield code="i">Jørgensen/Jørgensen, Botoft, Ziegler</marcx:subfield><marcx:subfield code="i">Peaches Lavon &amp; Albert Campos: background vocals</marcx:subfield><marcx:subfield code="a">All I am</marcx:subfield><marcx:subfield code="i">Jørgensen, Balling/Jørgensen, Botoft, Balling, Hꜳvik, Foss</marcx:subfield><marcx:subfield code="i">Peaches Lavon &amp; Albert Campos: background vocals</marcx:subfield><marcx:subfield code="i">Knut E. Hꜳvik: guitartheme</marcx:subfield><marcx:subfield code="a">Pillpopper</marcx:subfield><marcx:subfield code="i">Jørgensen/Jørgensen, Botoft, Ziegler</marcx:subfield><marcx:subfield code="a">Elephant song</marcx:subfield><marcx:subfield code="i">Jørgensen, Balling/Jørgensen, Botoft</marcx:subfield><marcx:subfield code="a">Drive-in believer</marcx:subfield><marcx:subfield code="i">Jørgensen/Jørgensen, Botoft, Ziegler</marcx:subfield><marcx:subfield code="a">Happy family</marcx:subfield><marcx:subfield code="i">Jørgensen/Jørgensen, Botoft</marcx:subfield><marcx:subfield code="i">Trille, Sui, Nina, Rune, René, Brian, Martin, Jimmy, Henrik, Michael, Karrar, Carsten &amp; Kasper: "Los Happy Family Singers"</marcx:subfield><marcx:subfield code="a">No one else</marcx:subfield><marcx:subfield code="i">Jørgensen/Jørgensen, Botoft, Foss</marcx:subfield><marcx:subfield code="i">Peaches Lavon &amp; Albert Campos: background vocals</marcx:subfield><marcx:subfield code="a">Overrated</marcx:subfield><marcx:subfield code="i">Jørgensen/Jørgensen, Botoft, Foss</marcx:subfield><marcx:subfield code="i">René, Michael &amp; Henrik: background vocals</marcx:subfield><marcx:subfield code="i">Scrass: scratch</marcx:subfield></marcx:datafield><marcx:datafield tag="795" ind1="0" ind2="0"><marcx:subfield code="å">99</marcx:subfield><marcx:subfield code="y">0</marcx:subfield><marcx:subfield code="a">Third eye blind</marcx:subfield></marcx:datafield><marcx:datafield tag="900" ind1="0" ind2="0"><marcx:subfield code="a">Andersen</marcx:subfield><marcx:subfield code="h">Henrik Botoft</marcx:subfield><marcx:subfield code="z">700/1</marcx:subfield></marcx:datafield><marcx:datafield tag="900" ind1="0" ind2="0"><marcx:subfield code="a">Larsen</marcx:subfield><marcx:subfield code="h">Jens Unmack</marcx:subfield><marcx:subfield code="z">700/2</marcx:subfield></marcx:datafield><marcx:datafield tag="990" ind1="0" ind2="0"><marcx:subfield code="a">SFG</marcx:subfield><marcx:subfield code="b">B</marcx:subfield><marcx:subfield code="c">C</marcx:subfield><marcx:subfield code="t">12.03.99</marcx:subfield><marcx:subfield code="x">199908</marcx:subfield></marcx:datafield><marcx:datafield tag="990" ind1="0" ind2="0"><marcx:subfield code="a">SFG</marcx:subfield><marcx:subfield code="b">B</marcx:subfield><marcx:subfield code="c">C</marcx:subfield><marcx:subfield code="o">199914</marcx:subfield><marcx:subfield code="t">23.04.99</marcx:subfield></marcx:datafield><marcx:datafield tag="991" ind1="0" ind2="0"><marcx:subfield code="o">\(MEDTAGET EKSPRES 9908)\</marcx:subfield></marcx:datafield><marcx:datafield tag="991" ind1="0" ind2="0"><marcx:subfield code="o">\(Ulriks side 199914)\</marcx:subfield></marcx:datafield><marcx:datafield tag="996" ind1="0" ind2="0"><marcx:subfield code="a">DBC</marcx:subfield></marcx:datafield></marcx:record>