
<marcx:record format="danMARC2" type="Bibliographic" xmlns:marcx="info:lc/xmlns/marcxchange-v1"><marcx:leader>00000n    2200000   4500</marcx:leader><marcx:datafield tag="001" ind1="0" ind2="0"><marcx:subfield code="a">22369237</marcx:subfield><marcx:subfield code="b">191919</marcx:subfield><marcx:subfield code="c">20150411130000</marcx:subfield><marcx:subfield code="d">19990210</marcx:subfield><marcx:subfield code="f">a</marcx:subfield></marcx:datafield><marcx:datafield tag="004" ind1="0" ind2="0"><marcx:subfield code="r">n</marcx:subfield><marcx:subfield code="a">e</marcx:subfield></marcx:datafield><marcx:datafield tag="008" ind1="0" ind2="0"><marcx:subfield code="t">m</marcx:subfield><marcx:subfield code="u">f</marcx:subfield><marcx:subfield code="a">1999</marcx:subfield><marcx:subfield code="b">dk</marcx:subfield><marcx:subfield code="j">f</marcx:subfield><marcx:subfield code="l">dan</marcx:subfield><marcx:subfield code="v">0</marcx:subfield></marcx:datafield><marcx:datafield tag="009" ind1="0" ind2="0"><marcx:subfield code="a">r</marcx:subfield><marcx:subfield code="g">xh</marcx:subfield></marcx:datafield><marcx:datafield tag="021" ind1="0" ind2="0"><marcx:subfield code="a">87-7399-568-1</marcx:subfield><marcx:subfield code="d">kr. 237,50</marcx:subfield><marcx:subfield code="x">7399-568-1</marcx:subfield></marcx:datafield><marcx:datafield tag="032" ind1="0" ind2="0"><marcx:subfield code="a">DLF199909</marcx:subfield><marcx:subfield code="x">SFA199909</marcx:subfield></marcx:datafield><marcx:datafield tag="044" ind1="0" ind2="0"><marcx:subfield code="a">F</marcx:subfield><marcx:subfield code="b">09x</marcx:subfield></marcx:datafield><marcx:datafield tag="100" ind1="0" ind2="0"><marcx:subfield code="0"/><marcx:subfield code="a">Kirch</marcx:subfield><marcx:subfield code="h">Kirsten</marcx:subfield></marcx:datafield><marcx:datafield tag="245" ind1="0" ind2="0"><marcx:subfield code="a">Isvinter</marcx:subfield><marcx:subfield code="e">Kirsten Kirch</marcx:subfield><marcx:subfield code="f">indlæst af Grete Tulinius</marcx:subfield></marcx:datafield><marcx:datafield tag="260" ind1="0" ind2="0"><marcx:subfield code="a">[Herning]</marcx:subfield><marcx:subfield code="b">Special-pædagogisk forlag</marcx:subfield><marcx:subfield code="c">1999</marcx:subfield></marcx:datafield><marcx:datafield tag="300" ind1="0" ind2="0"><marcx:subfield code="n">2 kassettebånd</marcx:subfield><marcx:subfield code="l">ca. 100 min.</marcx:subfield></marcx:datafield><marcx:datafield tag="440" ind1="0" ind2="0"><marcx:subfield code="0"/><marcx:subfield code="a">Læseværkstedet</marcx:subfield></marcx:datafield><marcx:datafield tag="504" ind1="0" ind2="0"><marcx:subfield code="&amp;">1</marcx:subfield><marcx:subfield code="a">Letlæst fortælling om den ensomme Torben, der en nat kører fast i sneen. Sammen med endnu en nødstedt, Henriette, må han overnatte hos et par ældre mennesker. Torben synes godt om den søde Henriette, så måske kan de få en fremtid sammen?</marcx:subfield></marcx:datafield><marcx:datafield tag="512" ind1="0" ind2="0"><marcx:subfield code="a">På omslaget: Frilæsning</marcx:subfield></marcx:datafield><marcx:datafield tag="512" ind1="0" ind2="0"><marcx:subfield code="a">Moderat læsehastighed</marcx:subfield></marcx:datafield><marcx:datafield tag="520" ind1="0" ind2="0"><marcx:subfield code="&amp;">1</marcx:subfield><marcx:subfield code="a">Bogens originaludgave: 1998</marcx:subfield></marcx:datafield><marcx:datafield tag="652" ind1="0" ind2="0"><marcx:subfield code="n">86</marcx:subfield><marcx:subfield code="z">06</marcx:subfield></marcx:datafield><marcx:datafield tag="652" ind1="0" ind2="0"><marcx:subfield code="o">sk</marcx:subfield></marcx:datafield><marcx:datafield tag="666" ind1="0" ind2="0"><marcx:subfield code="0"/><marcx:subfield code="u">for læsesvage voksne</marcx:subfield></marcx:datafield><marcx:datafield tag="666" ind1="0" ind2="0"><marcx:subfield code="0"/><marcx:subfield code="s">ensomhed</marcx:subfield></marcx:datafield><marcx:datafield tag="666" ind1="0" ind2="0"><marcx:subfield code="0"/><marcx:subfield code="s">forelskelse</marcx:subfield></marcx:datafield><marcx:datafield tag="990" ind1="0" ind2="0"><marcx:subfield code="a">SFA</marcx:subfield><marcx:subfield code="b">F</marcx:subfield><marcx:subfield code="o">199909</marcx:subfield></marcx:datafield><marcx:datafield tag="991" ind1="0" ind2="0"><marcx:subfield code="o">Bogen optaget i A-fortegnelse 1999.04 (2 232 586 8)</marcx:subfield></marcx:datafield><marcx:datafield tag="996" ind1="0" ind2="0"><marcx:subfield code="a">DBC</marcx:subfield></marcx:datafield></marcx:record>