
<marcx:record format="danMARC2" type="Bibliographic" xmlns:marcx="info:lc/xmlns/marcxchange-v1"><marcx:leader>00000n    2200000   4500</marcx:leader><marcx:datafield tag="001" ind1="0" ind2="0"><marcx:subfield code="a">22370103</marcx:subfield><marcx:subfield code="b">191919</marcx:subfield><marcx:subfield code="c">20140521100800</marcx:subfield><marcx:subfield code="d">19990212</marcx:subfield><marcx:subfield code="f">a</marcx:subfield></marcx:datafield><marcx:datafield tag="004" ind1="0" ind2="0"><marcx:subfield code="r">n</marcx:subfield><marcx:subfield code="a">e</marcx:subfield></marcx:datafield><marcx:datafield tag="008" ind1="0" ind2="0"><marcx:subfield code="t">s</marcx:subfield><marcx:subfield code="u">f</marcx:subfield><marcx:subfield code="a">1998</marcx:subfield><marcx:subfield code="b">dk</marcx:subfield><marcx:subfield code="v">4</marcx:subfield></marcx:datafield><marcx:datafield tag="009" ind1="0" ind2="0"><marcx:subfield code="a">p</marcx:subfield><marcx:subfield code="b">c</marcx:subfield><marcx:subfield code="g">xx</marcx:subfield></marcx:datafield><marcx:datafield tag="021" ind1="0" ind2="0"><marcx:subfield code="d">priskode L</marcx:subfield></marcx:datafield><marcx:datafield tag="032" ind1="0" ind2="0"><marcx:subfield code="x">STB002000</marcx:subfield></marcx:datafield><marcx:datafield tag="245" ind1="0" ind2="0"><marcx:subfield code="a">The ¤organist's wedding album, volume 2</marcx:subfield><marcx:subfield code="e">compiled and edited by Matthew Drayton</marcx:subfield></marcx:datafield><marcx:datafield tag="260" ind1="0" ind2="0"><marcx:subfield code="a">København</marcx:subfield><marcx:subfield code="b">Danmarks Blindebibliotek</marcx:subfield><marcx:subfield code="c">1998</marcx:subfield></marcx:datafield><marcx:datafield tag="300" ind1="0" ind2="0"><marcx:subfield code="a">3 bind</marcx:subfield></marcx:datafield><marcx:datafield tag="322" ind1="0" ind2="0"><marcx:subfield code="a">EDB</marcx:subfield></marcx:datafield><marcx:datafield tag="509" ind1="0" ind2="0"><marcx:subfield code="a">For orgel</marcx:subfield></marcx:datafield><marcx:datafield tag="520" ind1="0" ind2="0"><marcx:subfield code="a">Overført efter udgaven: London : Cramer, cop. 1994. - (C.M. Ltd. 2166)</marcx:subfield></marcx:datafield><marcx:datafield tag="530" ind1="0" ind2="0"><marcx:subfield code="a">Indhold: Thomas Augustine Arne: Sonater for cembalo (1743) (Air) ; Sonater for cembalo (1743) (Gavotte). Johann Sebastian Bach: Suite for orkester nr 3, D-dur, BWV 1068 (Air) ; Fuga for orgel, G-dur, BWV 577 ; Kantate nr 208 (Sheep may safely graze). Théodore Dubois: Cantilene nuptiale ; Grand choeur, B-dur. Edward Elgar: Pomp and circumstance nr 4, G-dur, opus 39:4 ; Caractacus, opus 35 (Triumphal march). Ernest Farrar: A wedding piece, opus 18. William Felton: Koncerter for orgel eller cembalo, opera seconda (1745) (A little tune)</marcx:subfield></marcx:datafield><marcx:datafield tag="530" ind1="0" ind2="0"><marcx:subfield code="a">Georg Friedrich Händel: Water music, HWV 348-350 (Air) ; Salomo, HWV 67 (Sinfonia : Arrival of the Queen of Sheba) ; Scipione (March). Alfred Hollins: Trumpet minuet. Edwin Lemare: Andantino for orgel, Des-dur ; Minuet nuptiale. Jaak Nicolaas Lemmens: Fanfare. Felix Mendelssohn-Bartholdy: Athalie (War march of the priests). Jeremy Nicholas: Toccata giubiloso. Hubert Parry: The birds of Aristophanes (Bridal march). Henry Purcell: Abdelazer (Rondeau). Camille Saint-Saëens: Benediction nuptiale, F-dur, opus 9. Theodore Salomé: Douze pièces nouvelles (March). Henry Thomas Smart: Postludium, D-dur. Samuel Wesley: Air og gavotte for orgel</marcx:subfield></marcx:datafield><marcx:datafield tag="538" ind1="0" ind2="0"><marcx:subfield code="i">Best.nr.</marcx:subfield><marcx:subfield code="a">398017</marcx:subfield></marcx:datafield><marcx:datafield tag="652" ind1="0" ind2="0"><marcx:subfield code="m">78.581</marcx:subfield></marcx:datafield><marcx:datafield tag="700" ind1="0" ind2="0"><marcx:subfield code="a">Drayton</marcx:subfield><marcx:subfield code="h">Matthew</marcx:subfield></marcx:datafield><marcx:datafield tag="996" ind1="0" ind2="0"><marcx:subfield code="a">DBC</marcx:subfield></marcx:datafield></marcx:record>