
<marcx:record format="danMARC2" type="Bibliographic" xmlns:marcx="info:lc/xmlns/marcxchange-v1"><marcx:leader>00000n    2200000   4500</marcx:leader><marcx:datafield tag="001" ind1="0" ind2="0"><marcx:subfield code="a">22367773</marcx:subfield><marcx:subfield code="b">191919</marcx:subfield><marcx:subfield code="c">20041006002500</marcx:subfield><marcx:subfield code="d">19990209</marcx:subfield><marcx:subfield code="f">a</marcx:subfield></marcx:datafield><marcx:datafield tag="004" ind1="0" ind2="0"><marcx:subfield code="r">n</marcx:subfield><marcx:subfield code="a">e</marcx:subfield></marcx:datafield><marcx:datafield tag="008" ind1="0" ind2="0"><marcx:subfield code="t">m</marcx:subfield><marcx:subfield code="u">f</marcx:subfield><marcx:subfield code="a">1998</marcx:subfield><marcx:subfield code="b">dk</marcx:subfield><marcx:subfield code="e">1</marcx:subfield><marcx:subfield code="l">dan</marcx:subfield><marcx:subfield code="v">0</marcx:subfield></marcx:datafield><marcx:datafield tag="009" ind1="0" ind2="0"><marcx:subfield code="a">a</marcx:subfield><marcx:subfield code="g">xx</marcx:subfield></marcx:datafield><marcx:datafield tag="021" ind1="0" ind2="0"><marcx:subfield code="a">87-90599-31-4</marcx:subfield><marcx:subfield code="c">hf.</marcx:subfield><marcx:subfield code="d">kr. 100,00</marcx:subfield></marcx:datafield><marcx:datafield tag="032" ind1="0" ind2="0"><marcx:subfield code="a">DBF199909</marcx:subfield><marcx:subfield code="x">DAT200441</marcx:subfield></marcx:datafield><marcx:datafield tag="245" ind1="0" ind2="0"><marcx:subfield code="a">Vitamin D</marcx:subfield><marcx:subfield code="c">bør forsyningen i den danske befolkning bedres?</marcx:subfield><marcx:subfield code="e">Lone Banke Rasmussen ... [et al.]</marcx:subfield></marcx:datafield><marcx:datafield tag="260" ind1="0" ind2="0"><marcx:subfield code="&amp;">1</marcx:subfield><marcx:subfield code="a">[Frederiksberg]</marcx:subfield><marcx:subfield code="b">Ministeriet for Fødevarer, Landbrug og Fiskeri, Veterinær- og Fødevaredirektoratet</marcx:subfield><marcx:subfield code="f">Kbh.</marcx:subfield><marcx:subfield code="g">købes hos ... SI - Statens Publikationer</marcx:subfield><marcx:subfield code="f">[Haslev]</marcx:subfield><marcx:subfield code="g">[eksp. Nordisk Bog Center]</marcx:subfield><marcx:subfield code="c">1998</marcx:subfield><marcx:subfield code="k">Quickly Tryk</marcx:subfield></marcx:datafield><marcx:datafield tag="300" ind1="0" ind2="0"><marcx:subfield code="a">85 sider</marcx:subfield></marcx:datafield><marcx:datafield tag="440" ind1="0" ind2="0"><marcx:subfield code="0"/><marcx:subfield code="a">Publikation</marcx:subfield><marcx:subfield code="æ">Ministeriet for Fødevarer, Landbrug og Fiskeri, Veterinær- og Fødevaredirektoratet</marcx:subfield><marcx:subfield code="z">1397-9787</marcx:subfield><marcx:subfield code="V">246</marcx:subfield><marcx:subfield code="v">nr. 246 (december 1998)</marcx:subfield></marcx:datafield><marcx:datafield tag="526" ind1="0" ind2="0"><marcx:subfield code="i">Videreføres i</marcx:subfield><marcx:subfield code="t">D-vitaminstatus i den danske befolkning bør forbedres</marcx:subfield></marcx:datafield><marcx:datafield tag="532" ind1="0" ind2="0"><marcx:subfield code="&amp;">1</marcx:subfield><marcx:subfield code="a">Med litteraturhenvisninger</marcx:subfield></marcx:datafield><marcx:datafield tag="652" ind1="0" ind2="0"><marcx:subfield code="m">61.23</marcx:subfield></marcx:datafield><marcx:datafield tag="652" ind1="0" ind2="0"><marcx:subfield code="p">61.38</marcx:subfield></marcx:datafield><marcx:datafield tag="700" ind1="0" ind2="0"><marcx:subfield code="0"/><marcx:subfield code="a">Banke Rasmussen</marcx:subfield><marcx:subfield code="h">Lone</marcx:subfield></marcx:datafield><marcx:datafield tag="710" ind1="0" ind2="0"><marcx:subfield code="c">Veterinær- og Fødevaredirektoratet</marcx:subfield></marcx:datafield><marcx:datafield tag="900" ind1="0" ind2="0"><marcx:subfield code="0"/><marcx:subfield code="a">Rasmussen</marcx:subfield><marcx:subfield code="h">Lone Banke</marcx:subfield><marcx:subfield code="z">700</marcx:subfield></marcx:datafield><marcx:datafield tag="910" ind1="0" ind2="0"><marcx:subfield code="å">1</marcx:subfield><marcx:subfield code="c">Ministeriet for Fødevarer, Landbrug og Fiskeri</marcx:subfield><marcx:subfield code="c">Veterinær- og Fødevaredirektoratet</marcx:subfield><marcx:subfield code="z">710</marcx:subfield></marcx:datafield><marcx:datafield tag="910" ind1="0" ind2="0"><marcx:subfield code="c">Fødevareministeriet</marcx:subfield><marcx:subfield code="z">910/1(c1)</marcx:subfield></marcx:datafield><marcx:datafield tag="996" ind1="0" ind2="0"><marcx:subfield code="a">DBC</marcx:subfield></marcx:datafield></marcx:record>