
<marcx:record format="danMARC2" type="Bibliographic" xmlns:marcx="info:lc/xmlns/marcxchange-v1"><marcx:leader>00000n    2200000   4500</marcx:leader><marcx:datafield tag="001" ind1="0" ind2="0"><marcx:subfield code="a">22369512</marcx:subfield><marcx:subfield code="b">191919</marcx:subfield><marcx:subfield code="c">20060102140418</marcx:subfield><marcx:subfield code="d">19990211</marcx:subfield><marcx:subfield code="f">a</marcx:subfield></marcx:datafield><marcx:datafield tag="004" ind1="0" ind2="0"><marcx:subfield code="r">n</marcx:subfield><marcx:subfield code="a">e</marcx:subfield></marcx:datafield><marcx:datafield tag="005" ind1="0" ind2="0"><marcx:subfield code="h">e</marcx:subfield></marcx:datafield><marcx:datafield tag="008" ind1="0" ind2="0"><marcx:subfield code="t">s</marcx:subfield><marcx:subfield code="u">f</marcx:subfield><marcx:subfield code="a">1998</marcx:subfield><marcx:subfield code="b">xx</marcx:subfield><marcx:subfield code="v">0</marcx:subfield></marcx:datafield><marcx:datafield tag="009" ind1="0" ind2="0"><marcx:subfield code="a">s</marcx:subfield><marcx:subfield code="b">m</marcx:subfield><marcx:subfield code="g">xc</marcx:subfield><marcx:subfield code="b">a</marcx:subfield><marcx:subfield code="h">xx</marcx:subfield></marcx:datafield><marcx:datafield tag="021" ind1="0" ind2="0"><marcx:subfield code="d">kr. 147,00</marcx:subfield></marcx:datafield><marcx:datafield tag="032" ind1="0" ind2="0"><marcx:subfield code="x">BØK199902</marcx:subfield><marcx:subfield code="x">SFG199908</marcx:subfield><marcx:subfield code="x">DAT200050</marcx:subfield><marcx:subfield code="x">DAT990601</marcx:subfield></marcx:datafield><marcx:datafield tag="039" ind1="0" ind2="0"><marcx:subfield code="a">bef</marcx:subfield></marcx:datafield><marcx:datafield tag="110" ind1="0" ind2="0"><marcx:subfield code="a">Take Five</marcx:subfield></marcx:datafield><marcx:datafield tag="245" ind1="0" ind2="0"><marcx:subfield code="a">Take 5</marcx:subfield><marcx:subfield code="e">Take 5 (Tilky Montgomery Jones, Timothy Joseph Christofore, Stephen James Sculthorpe, Ryan Christopher Goodell, Jeffrey Clayton Goodell) med Veit Renn, Tony Battaglia, Full Force ... [et al.]</marcx:subfield></marcx:datafield><marcx:datafield tag="260" ind1="0" ind2="0"><marcx:subfield code="a">[S.l.]</marcx:subfield><marcx:subfield code="b">Edel</marcx:subfield><marcx:subfield code="c">p 1998</marcx:subfield></marcx:datafield><marcx:datafield tag="300" ind1="0" ind2="0"><marcx:subfield code="n">1 cd/cd-rom</marcx:subfield><marcx:subfield code="D">5 bilag</marcx:subfield><marcx:subfield code="d">5 kommentarbilag</marcx:subfield></marcx:datafield><marcx:datafield tag="501" ind1="0" ind2="0"><marcx:subfield code="a">Pc, 486 DX2; 8 MB ram; Windows 3.1 eller senere; harddisk med 8 MB ledig plads; cd-rom-drev med dobbelt hastighed; SoundBlaster-kompatibelt lydkort; farveskærm (256 farver)</marcx:subfield></marcx:datafield><marcx:datafield tag="501" ind1="0" ind2="0"><marcx:subfield code="a">Macintosh, 68040 eller Power Mac; 8 MB ram; harddisk med 8 MB ledig plads; cd-rom-drev med dobbelt hastighed; Apple Cd-rom driver v. 5.1 eller senere</marcx:subfield></marcx:datafield><marcx:datafield tag="512" ind1="0" ind2="0"><marcx:subfield code="a">Tekster på omslag</marcx:subfield></marcx:datafield><marcx:datafield tag="512" ind1="0" ind2="0"><marcx:subfield code="a">Cd-rom del: Video til "I give"</marcx:subfield></marcx:datafield><marcx:datafield tag="531" ind1="0" ind2="0"><marcx:subfield code="a">Indhold:</marcx:subfield></marcx:datafield><marcx:datafield tag="538" ind1="0" ind2="0"><marcx:subfield code="f">Edel</marcx:subfield><marcx:subfield code="g">004352-2 ERE</marcx:subfield></marcx:datafield><marcx:datafield tag="652" ind1="0" ind2="0"><marcx:subfield code="m">78.794</marcx:subfield><marcx:subfield code="v">5</marcx:subfield></marcx:datafield><marcx:datafield tag="666" ind1="0" ind2="0"><marcx:subfield code="0"/><marcx:subfield code="m">pop</marcx:subfield><marcx:subfield code="n">vokal</marcx:subfield><marcx:subfield code="p">1990-1999</marcx:subfield><marcx:subfield code="l">USA</marcx:subfield></marcx:datafield><marcx:datafield tag="700" ind1="0" ind2="0"><marcx:subfield code="a">Battaglia</marcx:subfield><marcx:subfield code="h">Tony</marcx:subfield></marcx:datafield><marcx:datafield tag="700" ind1="0" ind2="0"><marcx:subfield code="a">Christofore</marcx:subfield><marcx:subfield code="h">Timothy Joseph</marcx:subfield></marcx:datafield><marcx:datafield tag="700" ind1="0" ind2="0"><marcx:subfield code="a">Goodell</marcx:subfield><marcx:subfield code="h">Ryan Christopher</marcx:subfield></marcx:datafield><marcx:datafield tag="700" ind1="0" ind2="0"><marcx:subfield code="a">Goodell</marcx:subfield><marcx:subfield code="h">Jeffrey Clayton</marcx:subfield></marcx:datafield><marcx:datafield tag="700" ind1="0" ind2="0"><marcx:subfield code="a">Jones</marcx:subfield><marcx:subfield code="h">Tilky Montgomery</marcx:subfield></marcx:datafield><marcx:datafield tag="700" ind1="0" ind2="0"><marcx:subfield code="a">Renn</marcx:subfield><marcx:subfield code="h">Veit</marcx:subfield></marcx:datafield><marcx:datafield tag="700" ind1="0" ind2="0"><marcx:subfield code="a">Sculthorpe</marcx:subfield><marcx:subfield code="h">Stephen James</marcx:subfield></marcx:datafield><marcx:datafield tag="710" ind1="0" ind2="0"><marcx:subfield code="a">Full Force</marcx:subfield></marcx:datafield><marcx:datafield tag="795" ind1="0" ind2="0"><marcx:subfield code="å">11</marcx:subfield><marcx:subfield code="a">I give</marcx:subfield><marcx:subfield code="a">The ¤tide is high</marcx:subfield><marcx:subfield code="a">Baby I can't let go</marcx:subfield><marcx:subfield code="a">Girl of my dreams</marcx:subfield><marcx:subfield code="a">Jump up</marcx:subfield><marcx:subfield code="a">All I wanna know</marcx:subfield><marcx:subfield code="a">Sunrise goodbye</marcx:subfield><marcx:subfield code="a">Please stay</marcx:subfield><marcx:subfield code="a">Get down tonight</marcx:subfield><marcx:subfield code="a">Never had it so good</marcx:subfield><marcx:subfield code="a">Easy to love</marcx:subfield><marcx:subfield code="a">Deeper love</marcx:subfield><marcx:subfield code="a">All of the above</marcx:subfield></marcx:datafield><marcx:datafield tag="910" ind1="0" ind2="0"><marcx:subfield code="a">Take 5</marcx:subfield><marcx:subfield code="z">110</marcx:subfield></marcx:datafield><marcx:datafield tag="990" ind1="0" ind2="0"><marcx:subfield code="a">SFG</marcx:subfield><marcx:subfield code="b">B</marcx:subfield><marcx:subfield code="c">C</marcx:subfield><marcx:subfield code="o">199908</marcx:subfield><marcx:subfield code="t">12.03.99</marcx:subfield></marcx:datafield><marcx:datafield tag="991" ind1="0" ind2="0"><marcx:subfield code="o">\(Ulriks side 199908)\</marcx:subfield></marcx:datafield><marcx:datafield tag="991" ind1="0" ind2="0"><marcx:subfield code="o">\(Anvendelse, cd-rom: Eksemplarer anskaffet gennem DBC medier må anvendes til udlån)\</marcx:subfield></marcx:datafield><marcx:datafield tag="996" ind1="0" ind2="0"><marcx:subfield code="a">DBC</marcx:subfield></marcx:datafield></marcx:record>