
<marcx:record format="danMARC2" type="Bibliographic" xmlns:marcx="info:lc/xmlns/marcxchange-v1"><marcx:leader>00000n    2200000   4500</marcx:leader><marcx:datafield tag="001" ind1="0" ind2="0"><marcx:subfield code="a">42012513</marcx:subfield><marcx:subfield code="b">191919</marcx:subfield><marcx:subfield code="c">19990722155542</marcx:subfield><marcx:subfield code="d">19990722</marcx:subfield><marcx:subfield code="f">a</marcx:subfield><marcx:subfield code="o">c</marcx:subfield></marcx:datafield><marcx:datafield tag="002" ind1="0" ind2="0"><marcx:subfield code="b">726500</marcx:subfield><marcx:subfield code="c">90154036</marcx:subfield><marcx:subfield code="x">72650090154036</marcx:subfield></marcx:datafield><marcx:datafield tag="004" ind1="0" ind2="0"><marcx:subfield code="r">n</marcx:subfield><marcx:subfield code="a">e</marcx:subfield></marcx:datafield><marcx:datafield tag="008" ind1="0" ind2="0"><marcx:subfield code="t">m</marcx:subfield><marcx:subfield code="u">u</marcx:subfield><marcx:subfield code="a">1995</marcx:subfield><marcx:subfield code="b">gb</marcx:subfield><marcx:subfield code="j">p</marcx:subfield><marcx:subfield code="l">eng</marcx:subfield><marcx:subfield code="v">0</marcx:subfield></marcx:datafield><marcx:datafield tag="009" ind1="0" ind2="0"><marcx:subfield code="a">a</marcx:subfield><marcx:subfield code="g">xx</marcx:subfield></marcx:datafield><marcx:datafield tag="021" ind1="0" ind2="0"><marcx:subfield code="a">0-7475-2388-6</marcx:subfield></marcx:datafield><marcx:datafield tag="100" ind1="0" ind2="0"><marcx:subfield code="a">Dickinson</marcx:subfield><marcx:subfield code="h">Emily</marcx:subfield></marcx:datafield><marcx:datafield tag="245" ind1="0" ind2="0"><marcx:subfield code="a">Selected poems</marcx:subfield><marcx:subfield code="e">Emily Dickinson</marcx:subfield><marcx:subfield code="e">selected by Ian Hamilton</marcx:subfield></marcx:datafield><marcx:datafield tag="250" ind1="0" ind2="0"><marcx:subfield code="a">Paperback edition</marcx:subfield></marcx:datafield><marcx:datafield tag="260" ind1="0" ind2="0"><marcx:subfield code="a">London</marcx:subfield><marcx:subfield code="b">Bloomsbury</marcx:subfield><marcx:subfield code="c">1995</marcx:subfield></marcx:datafield><marcx:datafield tag="300" ind1="0" ind2="0"><marcx:subfield code="a">128 sider</marcx:subfield></marcx:datafield><marcx:datafield tag="440" ind1="0" ind2="0"><marcx:subfield code="0"/><marcx:subfield code="a">Bloomsbury poetry classics</marcx:subfield></marcx:datafield><marcx:datafield tag="520" ind1="0" ind2="0"><marcx:subfield code="a">Tidligere: 1. edition, 1992</marcx:subfield></marcx:datafield><marcx:datafield tag="652" ind1="0" ind2="0"><marcx:subfield code="m">83.8</marcx:subfield></marcx:datafield><marcx:datafield tag="700" ind1="0" ind2="0"><marcx:subfield code="a">Hamilton</marcx:subfield><marcx:subfield code="h">Ian</marcx:subfield></marcx:datafield><marcx:datafield tag="996" ind1="0" ind2="0"><marcx:subfield code="a">726500</marcx:subfield></marcx:datafield></marcx:record>