
<marcx:record format="danMARC2" type="Bibliographic" xmlns:marcx="info:lc/xmlns/marcxchange-v1"><marcx:leader>00000n    2200000   4500</marcx:leader><marcx:datafield tag="001" ind1="0" ind2="0"><marcx:subfield code="a">22369466</marcx:subfield><marcx:subfield code="b">191919</marcx:subfield><marcx:subfield code="c">20050826002754</marcx:subfield><marcx:subfield code="d">19990210</marcx:subfield><marcx:subfield code="f">a</marcx:subfield></marcx:datafield><marcx:datafield tag="004" ind1="0" ind2="0"><marcx:subfield code="r">n</marcx:subfield><marcx:subfield code="a">e</marcx:subfield></marcx:datafield><marcx:datafield tag="008" ind1="0" ind2="0"><marcx:subfield code="t">s</marcx:subfield><marcx:subfield code="u">f</marcx:subfield><marcx:subfield code="a">1998</marcx:subfield><marcx:subfield code="b">xx</marcx:subfield><marcx:subfield code="v">0</marcx:subfield></marcx:datafield><marcx:datafield tag="009" ind1="0" ind2="0"><marcx:subfield code="a">s</marcx:subfield><marcx:subfield code="g">xc</marcx:subfield></marcx:datafield><marcx:datafield tag="021" ind1="0" ind2="0"><marcx:subfield code="d">kr. 147,00</marcx:subfield></marcx:datafield><marcx:datafield tag="032" ind1="0" ind2="0"><marcx:subfield code="x">SFG199908</marcx:subfield><marcx:subfield code="x">DAT200021</marcx:subfield><marcx:subfield code="x">DAT990535</marcx:subfield></marcx:datafield><marcx:datafield tag="039" ind1="0" ind2="0"><marcx:subfield code="a">jaz</marcx:subfield></marcx:datafield><marcx:datafield tag="100" ind1="0" ind2="0"><marcx:subfield code="a">Sandoval</marcx:subfield><marcx:subfield code="h">Arturo</marcx:subfield></marcx:datafield><marcx:datafield tag="245" ind1="0" ind2="0"><marcx:subfield code="a">Hot house</marcx:subfield><marcx:subfield code="e">Arturo Sandoval with Ed Calle, Charles McNeill, Dana Teboe, John Stephens, Manuel Castrillo, Rene Toledo, Michael Brecker, Tito Puente ... [et al.]</marcx:subfield></marcx:datafield><marcx:datafield tag="260" ind1="0" ind2="0"><marcx:subfield code="a">[S.l.]</marcx:subfield><marcx:subfield code="b">N2K Encoded Music</marcx:subfield><marcx:subfield code="b">Edel</marcx:subfield><marcx:subfield code="c">p 1998</marcx:subfield></marcx:datafield><marcx:datafield tag="300" ind1="0" ind2="0"><marcx:subfield code="n">1 cd</marcx:subfield></marcx:datafield><marcx:datafield tag="531" ind1="0" ind2="0"><marcx:subfield code="a">Indhold:</marcx:subfield></marcx:datafield><marcx:datafield tag="538" ind1="0" ind2="0"><marcx:subfield code="f">N2K Encoded Music</marcx:subfield><marcx:subfield code="f">Edel</marcx:subfield><marcx:subfield code="g">43072 ERE</marcx:subfield></marcx:datafield><marcx:datafield tag="652" ind1="0" ind2="0"><marcx:subfield code="m">78.793</marcx:subfield><marcx:subfield code="v">4</marcx:subfield></marcx:datafield><marcx:datafield tag="666" ind1="0" ind2="0"><marcx:subfield code="0"/><marcx:subfield code="m">jazz</marcx:subfield><marcx:subfield code="m">bop</marcx:subfield><marcx:subfield code="m">latin</marcx:subfield><marcx:subfield code="m">afrocubansk musik</marcx:subfield><marcx:subfield code="n">instrumental</marcx:subfield><marcx:subfield code="n">big band</marcx:subfield><marcx:subfield code="n">trompet</marcx:subfield><marcx:subfield code="n">vokal</marcx:subfield><marcx:subfield code="p">1990-1999</marcx:subfield><marcx:subfield code="l">Cuba</marcx:subfield></marcx:datafield><marcx:datafield tag="700" ind1="0" ind2="0"><marcx:subfield code="a">Austin</marcx:subfield><marcx:subfield code="h">Patti</marcx:subfield></marcx:datafield><marcx:datafield tag="700" ind1="0" ind2="0"><marcx:subfield code="a">Ruiz</marcx:subfield><marcx:subfield code="h">Rey</marcx:subfield></marcx:datafield><marcx:datafield tag="700" ind1="0" ind2="0"><marcx:subfield code="a">Calle</marcx:subfield><marcx:subfield code="h">Ed</marcx:subfield></marcx:datafield><marcx:datafield tag="700" ind1="0" ind2="0"><marcx:subfield code="A">macneill</marcx:subfield><marcx:subfield code="a">McNeill</marcx:subfield><marcx:subfield code="h">Charles</marcx:subfield></marcx:datafield><marcx:datafield tag="700" ind1="0" ind2="0"><marcx:subfield code="a">Teboe</marcx:subfield><marcx:subfield code="h">Dana</marcx:subfield></marcx:datafield><marcx:datafield tag="700" ind1="0" ind2="0"><marcx:subfield code="a">Stephens</marcx:subfield><marcx:subfield code="h">John</marcx:subfield></marcx:datafield><marcx:datafield tag="700" ind1="0" ind2="0"><marcx:subfield code="a">Castrillo</marcx:subfield><marcx:subfield code="h">Manuel "Egui"</marcx:subfield></marcx:datafield><marcx:datafield tag="700" ind1="0" ind2="0"><marcx:subfield code="a">Toledo</marcx:subfield><marcx:subfield code="h">René</marcx:subfield></marcx:datafield><marcx:datafield tag="700" ind1="0" ind2="0"><marcx:subfield code="a">Brecker</marcx:subfield><marcx:subfield code="h">Michael</marcx:subfield></marcx:datafield><marcx:datafield tag="700" ind1="0" ind2="0"><marcx:subfield code="a">Puente</marcx:subfield><marcx:subfield code="h">Tito</marcx:subfield></marcx:datafield><marcx:datafield tag="795" ind1="0" ind2="0"><marcx:subfield code="å">11</marcx:subfield><marcx:subfield code="a">Funky cha-cha</marcx:subfield><marcx:subfield code="a">Rhythm of our world</marcx:subfield><marcx:subfield code="a">Hot house</marcx:subfield><marcx:subfield code="a">Only you</marcx:subfield><marcx:subfield code="p">No se tu</marcx:subfield><marcx:subfield code="e">with Patti Austin</marcx:subfield><marcx:subfield code="a">Sandunga</marcx:subfield><marcx:subfield code="a">Tito</marcx:subfield><marcx:subfield code="e">with Rey Ruiz</marcx:subfield><marcx:subfield code="a">Closely dancing</marcx:subfield><marcx:subfield code="a">Mam-bop</marcx:subfield><marcx:subfield code="a">New images</marcx:subfield><marcx:subfield code="a">Cuban American medley</marcx:subfield><marcx:subfield code="7"> (</marcx:subfield><marcx:subfield code="a">Back home again in Indiana</marcx:subfield><marcx:subfield code="a">Little Lulu theme song</marcx:subfield><marcx:subfield code="a">Take me out to the ballgame</marcx:subfield><marcx:subfield code="7">)</marcx:subfield><marcx:subfield code="a">Brassmen's holiday</marcx:subfield></marcx:datafield><marcx:datafield tag="990" ind1="0" ind2="0"><marcx:subfield code="a">SFG</marcx:subfield><marcx:subfield code="c">C</marcx:subfield><marcx:subfield code="o">199908</marcx:subfield><marcx:subfield code="t">12.03.99</marcx:subfield></marcx:datafield><marcx:datafield tag="996" ind1="0" ind2="0"><marcx:subfield code="a">DBC</marcx:subfield></marcx:datafield></marcx:record>