
<marcx:record format="danMARC2" type="Bibliographic" xmlns:marcx="info:lc/xmlns/marcxchange-v1"><marcx:leader>00000n    2200000   4500</marcx:leader><marcx:datafield tag="001" ind1="0" ind2="0"><marcx:subfield code="a">41981245</marcx:subfield><marcx:subfield code="b">191919</marcx:subfield><marcx:subfield code="c">19990510214001</marcx:subfield><marcx:subfield code="d">19990510</marcx:subfield><marcx:subfield code="f">a</marcx:subfield></marcx:datafield><marcx:datafield tag="002" ind1="0" ind2="0"><marcx:subfield code="b">736900</marcx:subfield><marcx:subfield code="c">90276530</marcx:subfield><marcx:subfield code="x">73690090276530</marcx:subfield></marcx:datafield><marcx:datafield tag="004" ind1="0" ind2="0"><marcx:subfield code="r">n</marcx:subfield><marcx:subfield code="a">e</marcx:subfield></marcx:datafield><marcx:datafield tag="008" ind1="0" ind2="0"><marcx:subfield code="t">s</marcx:subfield><marcx:subfield code="v">4</marcx:subfield></marcx:datafield><marcx:datafield tag="009" ind1="0" ind2="0"><marcx:subfield code="a">s</marcx:subfield><marcx:subfield code="g">xc</marcx:subfield></marcx:datafield><marcx:datafield tag="039" ind1="0" ind2="0"><marcx:subfield code="a">bla</marcx:subfield></marcx:datafield><marcx:datafield tag="245" ind1="0" ind2="0"><marcx:subfield code="a">How blue can you get?</marcx:subfield><marcx:subfield code="c">great blues vocals in the jazz tradition</marcx:subfield></marcx:datafield><marcx:datafield tag="260" ind1="0" ind2="0"><marcx:subfield code="b">Bluebird</marcx:subfield></marcx:datafield><marcx:datafield tag="512" ind1="0" ind2="0"><marcx:subfield code="a">Indspillet 1938-1963</marcx:subfield></marcx:datafield><marcx:datafield tag="531" ind1="0" ind2="0"><marcx:subfield code="a">Indhold:</marcx:subfield></marcx:datafield><marcx:datafield tag="538" ind1="0" ind2="0"><marcx:subfield code="f">Bluebird</marcx:subfield><marcx:subfield code="g">6758-2RB</marcx:subfield></marcx:datafield><marcx:datafield tag="652" ind1="0" ind2="0"><marcx:subfield code="m">78.7921</marcx:subfield></marcx:datafield><marcx:datafield tag="700" ind1="0" ind2="0"><marcx:subfield code="a">Larkin</marcx:subfield><marcx:subfield code="h">Ellis</marcx:subfield></marcx:datafield><marcx:datafield tag="700" ind1="0" ind2="0"><marcx:subfield code="a">Hines</marcx:subfield><marcx:subfield code="h">Earl</marcx:subfield></marcx:datafield><marcx:datafield tag="700" ind1="0" ind2="0"><marcx:subfield code="a">Sedric</marcx:subfield><marcx:subfield code="h">Gene</marcx:subfield></marcx:datafield><marcx:datafield tag="700" ind1="0" ind2="0"><marcx:subfield code="a">Basie</marcx:subfield><marcx:subfield code="h">Count</marcx:subfield></marcx:datafield><marcx:datafield tag="700" ind1="0" ind2="0"><marcx:subfield code="a">Jones</marcx:subfield><marcx:subfield code="h">Jimmy</marcx:subfield></marcx:datafield><marcx:datafield tag="700" ind1="0" ind2="0"><marcx:subfield code="a">Norvo</marcx:subfield><marcx:subfield code="h">Red</marcx:subfield></marcx:datafield><marcx:datafield tag="710" ind1="0" ind2="0"><marcx:subfield code="a">The ¤International Sweethearts of Rhythm</marcx:subfield></marcx:datafield><marcx:datafield tag="770" ind1="0" ind2="0"><marcx:subfield code="å">11</marcx:subfield><marcx:subfield code="a">Leadbelly</marcx:subfield></marcx:datafield><marcx:datafield tag="770" ind1="0" ind2="0"><marcx:subfield code="å">12</marcx:subfield><marcx:subfield code="a">Armstrong</marcx:subfield><marcx:subfield code="h">Louis</marcx:subfield></marcx:datafield><marcx:datafield tag="770" ind1="0" ind2="0"><marcx:subfield code="å">13</marcx:subfield><marcx:subfield code="a">Teagarden</marcx:subfield><marcx:subfield code="h">Jack</marcx:subfield></marcx:datafield><marcx:datafield tag="770" ind1="0" ind2="0"><marcx:subfield code="å">14</marcx:subfield><marcx:subfield code="a">Bailey</marcx:subfield><marcx:subfield code="h">Mildred</marcx:subfield></marcx:datafield><marcx:datafield tag="770" ind1="0" ind2="0"><marcx:subfield code="å">15</marcx:subfield><marcx:subfield code="a">Johnson</marcx:subfield><marcx:subfield code="h">Lonnie</marcx:subfield></marcx:datafield><marcx:datafield tag="770" ind1="0" ind2="0"><marcx:subfield code="å">16</marcx:subfield><marcx:subfield code="a">Bunn</marcx:subfield><marcx:subfield code="h">Teddy</marcx:subfield></marcx:datafield><marcx:datafield tag="770" ind1="0" ind2="0"><marcx:subfield code="å">17</marcx:subfield><marcx:subfield code="a">Green</marcx:subfield><marcx:subfield code="h">Lil</marcx:subfield></marcx:datafield><marcx:datafield tag="770" ind1="0" ind2="0"><marcx:subfield code="å">18</marcx:subfield><marcx:subfield code="a">Manone</marcx:subfield><marcx:subfield code="h">Wingy</marcx:subfield></marcx:datafield><marcx:datafield tag="770" ind1="0" ind2="0"><marcx:subfield code="å">19</marcx:subfield><marcx:subfield code="a">Waller</marcx:subfield><marcx:subfield code="h">Fats</marcx:subfield></marcx:datafield><marcx:datafield tag="770" ind1="0" ind2="0"><marcx:subfield code="å">20</marcx:subfield><marcx:subfield code="a">Sullivan</marcx:subfield><marcx:subfield code="h">Maxine</marcx:subfield></marcx:datafield><marcx:datafield tag="770" ind1="0" ind2="0"><marcx:subfield code="å">21</marcx:subfield><marcx:subfield code="a">Moore</marcx:subfield><marcx:subfield code="h">Johnny</marcx:subfield></marcx:datafield><marcx:datafield tag="770" ind1="0" ind2="0"><marcx:subfield code="å">22</marcx:subfield><marcx:subfield code="a">Eckstine</marcx:subfield><marcx:subfield code="h">Billy</marcx:subfield></marcx:datafield><marcx:datafield tag="770" ind1="0" ind2="0"><marcx:subfield code="å">23</marcx:subfield><marcx:subfield code="a">Little Richard</marcx:subfield></marcx:datafield><marcx:datafield tag="770" ind1="0" ind2="0"><marcx:subfield code="å">24</marcx:subfield><marcx:subfield code="a">Smith</marcx:subfield><marcx:subfield code="h">Ruby</marcx:subfield></marcx:datafield><marcx:datafield tag="770" ind1="0" ind2="0"><marcx:subfield code="å">25</marcx:subfield><marcx:subfield code="a">Rushing</marcx:subfield><marcx:subfield code="h">Jimmy</marcx:subfield></marcx:datafield><marcx:datafield tag="770" ind1="0" ind2="0"><marcx:subfield code="å">26</marcx:subfield><marcx:subfield code="a">Davis</marcx:subfield><marcx:subfield code="h">Tiny</marcx:subfield></marcx:datafield><marcx:datafield tag="770" ind1="0" ind2="0"><marcx:subfield code="å">27</marcx:subfield><marcx:subfield code="a">Williams</marcx:subfield><marcx:subfield code="h">Joe</marcx:subfield></marcx:datafield><marcx:datafield tag="770" ind1="0" ind2="0"><marcx:subfield code="å">28</marcx:subfield><marcx:subfield code="a">Humes</marcx:subfield><marcx:subfield code="h">Helen</marcx:subfield></marcx:datafield><marcx:datafield tag="780" ind1="0" ind2="0"><marcx:subfield code="å">29</marcx:subfield><marcx:subfield code="a">Hot Lips Page Trio</marcx:subfield></marcx:datafield><marcx:datafield tag="795" ind1="0" ind2="0"><marcx:subfield code="å">11</marcx:subfield><marcx:subfield code="a">Good morning blues</marcx:subfield></marcx:datafield><marcx:datafield tag="795" ind1="0" ind2="0"><marcx:subfield code="å">12</marcx:subfield><marcx:subfield code="a">Back o'town blues</marcx:subfield><marcx:subfield code="e">Louis Armstrong and his All-Stars</marcx:subfield></marcx:datafield><marcx:datafield tag="795" ind1="0" ind2="0"><marcx:subfield code="å">13</marcx:subfield><marcx:subfield code="a">St. Louis blues</marcx:subfield><marcx:subfield code="e">Jack Teagarden's Big Eight</marcx:subfield></marcx:datafield><marcx:datafield tag="795" ind1="0" ind2="0"><marcx:subfield code="å">14</marcx:subfield><marcx:subfield code="a">That ain't right</marcx:subfield><marcx:subfield code="e">Mildred Bailey med Ellis Larkin's Trio</marcx:subfield></marcx:datafield><marcx:datafield tag="795" ind1="0" ind2="0"><marcx:subfield code="å">15</marcx:subfield><marcx:subfield code="a">Crowing rooster blues</marcx:subfield></marcx:datafield><marcx:datafield tag="795" ind1="0" ind2="0"><marcx:subfield code="å">16</marcx:subfield><marcx:subfield code="a">Evil man's blues</marcx:subfield><marcx:subfield code="e">Teddy Bunn med the Hot Lips Page Trio</marcx:subfield></marcx:datafield><marcx:datafield tag="795" ind1="0" ind2="0"><marcx:subfield code="å">17</marcx:subfield><marcx:subfield code="a">Why don't you do right</marcx:subfield></marcx:datafield><marcx:datafield tag="795" ind1="0" ind2="0"><marcx:subfield code="å">18</marcx:subfield><marcx:subfield code="a">Corrine corrina</marcx:subfield><marcx:subfield code="e">Wingy Manone's Orchestra</marcx:subfield></marcx:datafield><marcx:datafield tag="795" ind1="0" ind2="0"><marcx:subfield code="å">19</marcx:subfield><marcx:subfield code="a">Bessie, Bessie, Bessie</marcx:subfield><marcx:subfield code="e">Fats Waller and His Rhythm</marcx:subfield></marcx:datafield><marcx:datafield tag="795" ind1="0" ind2="0"><marcx:subfield code="å">20</marcx:subfield><marcx:subfield code="a">St. Louis blues</marcx:subfield></marcx:datafield><marcx:datafield tag="795" ind1="0" ind2="0"><marcx:subfield code="å">21</marcx:subfield><marcx:subfield code="a">How blue can you get?</marcx:subfield><marcx:subfield code="e">Johnny Moore's Three Blazers</marcx:subfield></marcx:datafield><marcx:datafield tag="795" ind1="0" ind2="0"><marcx:subfield code="å">22</marcx:subfield><marcx:subfield code="a">Stormy monday blues</marcx:subfield><marcx:subfield code="e">Billy Eckstine med Earl Hines and His Orchestra</marcx:subfield></marcx:datafield><marcx:datafield tag="795" ind1="0" ind2="0"><marcx:subfield code="å">23</marcx:subfield><marcx:subfield code="a">Taxi blues</marcx:subfield></marcx:datafield><marcx:datafield tag="795" ind1="0" ind2="0"><marcx:subfield code="å">24</marcx:subfield><marcx:subfield code="a">Port wine blues</marcx:subfield><marcx:subfield code="e">Ruby Smith med the Gene Sedric Orchestra</marcx:subfield></marcx:datafield><marcx:datafield tag="795" ind1="0" ind2="0"><marcx:subfield code="å">25</marcx:subfield><marcx:subfield code="a">Brand new wagon</marcx:subfield><marcx:subfield code="e">Jimmy Rushing med Count Basie and His Orchestra</marcx:subfield></marcx:datafield><marcx:datafield tag="795" ind1="0" ind2="0"><marcx:subfield code="å">26</marcx:subfield><marcx:subfield code="a">The ¤tiny boogie</marcx:subfield><marcx:subfield code="e">Tiny Davis med The international Sweethearts of Rhythm</marcx:subfield></marcx:datafield><marcx:datafield tag="795" ind1="0" ind2="0"><marcx:subfield code="å">27</marcx:subfield><marcx:subfield code="a">Rocks in my bed</marcx:subfield><marcx:subfield code="e">Joe Williams med Jimmy Jones and His Orchestra</marcx:subfield></marcx:datafield><marcx:datafield tag="795" ind1="0" ind2="0"><marcx:subfield code="å">28</marcx:subfield><marcx:subfield code="a">I sing the blues</marcx:subfield><marcx:subfield code="e">Helen Humes med Red Norvo and His Orchestra</marcx:subfield></marcx:datafield><marcx:datafield tag="795" ind1="0" ind2="0"><marcx:subfield code="å">29</marcx:subfield><marcx:subfield code="a">Just another woman</marcx:subfield></marcx:datafield><marcx:datafield tag="900" ind1="0" ind2="0"><marcx:subfield code="a">Leadbetter</marcx:subfield><marcx:subfield code="h">Huddy</marcx:subfield><marcx:subfield code="z">770/11</marcx:subfield></marcx:datafield><marcx:datafield tag="996" ind1="0" ind2="0"><marcx:subfield code="a">736900</marcx:subfield></marcx:datafield></marcx:record>