
<marcx:record format="danMARC2" type="Bibliographic" xmlns:marcx="info:lc/xmlns/marcxchange-v1"><marcx:leader>00000n    2200000   4500</marcx:leader><marcx:datafield tag="001" ind1="0" ind2="0"><marcx:subfield code="a">23689448</marcx:subfield><marcx:subfield code="b">191919</marcx:subfield><marcx:subfield code="c">20011012082544</marcx:subfield><marcx:subfield code="d">20010925</marcx:subfield><marcx:subfield code="f">a</marcx:subfield></marcx:datafield><marcx:datafield tag="004" ind1="0" ind2="0"><marcx:subfield code="r">n</marcx:subfield><marcx:subfield code="a">e</marcx:subfield></marcx:datafield><marcx:datafield tag="008" ind1="0" ind2="0"><marcx:subfield code="t">s</marcx:subfield><marcx:subfield code="u">f</marcx:subfield><marcx:subfield code="a">1998</marcx:subfield><marcx:subfield code="b">us</marcx:subfield><marcx:subfield code="l">eng</marcx:subfield><marcx:subfield code="v">0</marcx:subfield></marcx:datafield><marcx:datafield tag="009" ind1="0" ind2="0"><marcx:subfield code="a">s</marcx:subfield><marcx:subfield code="g">xk</marcx:subfield></marcx:datafield><marcx:datafield tag="020" ind1="0" ind2="0"><marcx:subfield code="a">dk</marcx:subfield></marcx:datafield><marcx:datafield tag="021" ind1="0" ind2="0"><marcx:subfield code="d">kr. 310,00</marcx:subfield></marcx:datafield><marcx:datafield tag="023" ind1="0" ind2="0"><marcx:subfield code="a">0731453835115</marcx:subfield></marcx:datafield><marcx:datafield tag="032" ind1="0" ind2="0"><marcx:subfield code="a">DMO200142</marcx:subfield></marcx:datafield><marcx:datafield tag="039" ind1="0" ind2="0"><marcx:subfield code="a">bef</marcx:subfield></marcx:datafield><marcx:datafield tag="110" ind1="0" ind2="0"><marcx:subfield code="a">Metallica</marcx:subfield></marcx:datafield><marcx:datafield tag="245" ind1="0" ind2="0"><marcx:subfield code="a">Garage Inc.</marcx:subfield><marcx:subfield code="j">Metallica (James Hetfield, Lars Ulrich, Kirk Hammett, Jason Newsted)</marcx:subfield><marcx:subfield code="i">Metallica (James Hetfield: guitars, vocals ; Lars Ulrich: drums ; Kirk Hammett: guitars ; Jason Newsted: bass)</marcx:subfield><marcx:subfield code="i">produced by Bob Rock with Hetfield &amp; Ulrich ... [et al.]</marcx:subfield></marcx:datafield><marcx:datafield tag="260" ind1="0" ind2="0"><marcx:subfield code="a">[S.l.]</marcx:subfield><marcx:subfield code="b">Vertigo</marcx:subfield><marcx:subfield code="c">p 1998</marcx:subfield></marcx:datafield><marcx:datafield tag="300" ind1="0" ind2="0"><marcx:subfield code="n">3 grammofonplader</marcx:subfield><marcx:subfield code="c">30 cm</marcx:subfield><marcx:subfield code="d">1 kommentarhæfte</marcx:subfield></marcx:datafield><marcx:datafield tag="512" ind1="0" ind2="0"><marcx:subfield code="a">Indspillet 1998 + 1984, 1987, 1988-1991 og 1995</marcx:subfield></marcx:datafield><marcx:datafield tag="531" ind1="0" ind2="0"><marcx:subfield code="a">Indhold:</marcx:subfield></marcx:datafield><marcx:datafield tag="538" ind1="0" ind2="0"><marcx:subfield code="f">Vertigo</marcx:subfield><marcx:subfield code="g">538351-1</marcx:subfield></marcx:datafield><marcx:datafield tag="652" ind1="0" ind2="0"><marcx:subfield code="m">78.794</marcx:subfield><marcx:subfield code="v">5</marcx:subfield></marcx:datafield><marcx:datafield tag="700" ind1="0" ind2="0"><marcx:subfield code="a">Hetfield</marcx:subfield><marcx:subfield code="h">James</marcx:subfield></marcx:datafield><marcx:datafield tag="700" ind1="0" ind2="0"><marcx:subfield code="å">101</marcx:subfield><marcx:subfield code="a">King Diamond</marcx:subfield></marcx:datafield><marcx:datafield tag="700" ind1="0" ind2="0"><marcx:subfield code="a">Ulrich</marcx:subfield><marcx:subfield code="h">Lars</marcx:subfield></marcx:datafield><marcx:datafield tag="700" ind1="0" ind2="0"><marcx:subfield code="a">Hammett</marcx:subfield><marcx:subfield code="h">Kirk</marcx:subfield></marcx:datafield><marcx:datafield tag="700" ind1="0" ind2="0"><marcx:subfield code="a">Newsted</marcx:subfield><marcx:subfield code="h">Jason</marcx:subfield></marcx:datafield><marcx:datafield tag="700" ind1="0" ind2="0"><marcx:subfield code="a">Burton</marcx:subfield><marcx:subfield code="h">Cliff</marcx:subfield></marcx:datafield><marcx:datafield tag="795" ind1="0" ind2="0"><marcx:subfield code="å">11</marcx:subfield><marcx:subfield code="a">Free speech for the dumb</marcx:subfield><marcx:subfield code="i">Morris/Wainwright/Molaney/Roberts</marcx:subfield><marcx:subfield code="a">It's electric</marcx:subfield><marcx:subfield code="i">Tatler/Harris</marcx:subfield><marcx:subfield code="a">Sabbra cadabra</marcx:subfield><marcx:subfield code="i">Black Sabbath</marcx:subfield><marcx:subfield code="a">Turn the page</marcx:subfield><marcx:subfield code="i">Seger</marcx:subfield><marcx:subfield code="a">Die, die my darling</marcx:subfield><marcx:subfield code="i">Danzig</marcx:subfield><marcx:subfield code="a">Loverman</marcx:subfield><marcx:subfield code="i">Cave</marcx:subfield><marcx:subfield code="a">Mercyful Fate</marcx:subfield><marcx:subfield code="7"> (</marcx:subfield><marcx:subfield code="a">Satan's fall</marcx:subfield><marcx:subfield code="a">Curse of the pharaohs</marcx:subfield><marcx:subfield code="a">A ¤corpse without soul</marcx:subfield><marcx:subfield code="a">Into the coven</marcx:subfield><marcx:subfield code="a">Evil</marcx:subfield><marcx:subfield code="7">) ; </marcx:subfield><marcx:subfield code="i">Shermann/Diamond</marcx:subfield><marcx:subfield code="a">Astronomy</marcx:subfield><marcx:subfield code="i">S. Pearlman/A. Bouchard/J. Bouchard</marcx:subfield><marcx:subfield code="a">Whiskey in the jar</marcx:subfield><marcx:subfield code="i">traditional</marcx:subfield><marcx:subfield code="a">Tuesday's gone</marcx:subfield><marcx:subfield code="i">Collins/Van Zandt</marcx:subfield><marcx:subfield code="a">The ¤more I see</marcx:subfield><marcx:subfield code="i">Morris/Wainwright/Molaney/Roberts</marcx:subfield><marcx:subfield code="a">Helpless</marcx:subfield><marcx:subfield code="i">Harris/Tatler</marcx:subfield><marcx:subfield code="a">The ¤small hours</marcx:subfield><marcx:subfield code="i">Holocaust</marcx:subfield><marcx:subfield code="a">The ¤wait</marcx:subfield><marcx:subfield code="i">Killing Joke</marcx:subfield><marcx:subfield code="a">Crash course in brain surgery</marcx:subfield><marcx:subfield code="i">Shelley/Bourge/Phillips</marcx:subfield><marcx:subfield code="a">Last caress</marcx:subfield><marcx:subfield code="7">/</marcx:subfield><marcx:subfield code="a">Green hell</marcx:subfield><marcx:subfield code="i">Danzig</marcx:subfield><marcx:subfield code="a">Am I evil?</marcx:subfield><marcx:subfield code="i">Harris/Tatler</marcx:subfield><marcx:subfield code="i">Cliff Burton: bass</marcx:subfield><marcx:subfield code="a">Blitzkrieg</marcx:subfield><marcx:subfield code="i">Jones/Smith/Sirotto</marcx:subfield><marcx:subfield code="i">Cliff Burton: bass</marcx:subfield><marcx:subfield code="a">Breadfan</marcx:subfield><marcx:subfield code="i">Phillips/Shelley/Bourge</marcx:subfield><marcx:subfield code="a">The ¤prince</marcx:subfield><marcx:subfield code="i">Harris/Tatler</marcx:subfield><marcx:subfield code="a">Stone cold crazy</marcx:subfield><marcx:subfield code="i">Mercury/May/Taylor/Deacon</marcx:subfield><marcx:subfield code="a">So what</marcx:subfield><marcx:subfield code="i">Exalt/Culmer</marcx:subfield><marcx:subfield code="a">Killing time</marcx:subfield><marcx:subfield code="i">Sweet Savage</marcx:subfield><marcx:subfield code="a">Overkill</marcx:subfield><marcx:subfield code="i">Kilmister/Clarke/Taylor</marcx:subfield><marcx:subfield code="a">Damage case</marcx:subfield><marcx:subfield code="i">Kilmister/Clarke/Taylor/Farren</marcx:subfield><marcx:subfield code="a">Stone dead forever</marcx:subfield><marcx:subfield code="i">Kilmister/Clarke/Taylor</marcx:subfield><marcx:subfield code="a">Too late too late</marcx:subfield><marcx:subfield code="i">Kilmister/Clarke/Taylor</marcx:subfield></marcx:datafield><marcx:datafield tag="900" ind1="0" ind2="0"><marcx:subfield code="a">Bendix Petersen</marcx:subfield><marcx:subfield code="h">Kim</marcx:subfield><marcx:subfield code="z">700/101</marcx:subfield></marcx:datafield><marcx:datafield tag="900" ind1="0" ind2="0"><marcx:subfield code="a">Petersen</marcx:subfield><marcx:subfield code="h">Kim Bendix</marcx:subfield><marcx:subfield code="z">700/101</marcx:subfield></marcx:datafield><marcx:datafield tag="996" ind1="0" ind2="0"><marcx:subfield code="a">DBC</marcx:subfield></marcx:datafield></marcx:record>