
<marcx:record format="danMARC2" type="Bibliographic" xmlns:marcx="info:lc/xmlns/marcxchange-v1"><marcx:leader>00000n    2200000   4500</marcx:leader><marcx:datafield tag="001" ind1="0" ind2="0"><marcx:subfield code="a">22368583</marcx:subfield><marcx:subfield code="b">191919</marcx:subfield><marcx:subfield code="c">20000514173950</marcx:subfield><marcx:subfield code="d">19990210</marcx:subfield><marcx:subfield code="f">a</marcx:subfield></marcx:datafield><marcx:datafield tag="004" ind1="0" ind2="0"><marcx:subfield code="r">n</marcx:subfield><marcx:subfield code="a">e</marcx:subfield></marcx:datafield><marcx:datafield tag="008" ind1="0" ind2="0"><marcx:subfield code="t">s</marcx:subfield><marcx:subfield code="u">f</marcx:subfield><marcx:subfield code="a">1998</marcx:subfield><marcx:subfield code="b">gb</marcx:subfield><marcx:subfield code="v">0</marcx:subfield></marcx:datafield><marcx:datafield tag="009" ind1="0" ind2="0"><marcx:subfield code="a">s</marcx:subfield><marcx:subfield code="g">xc</marcx:subfield></marcx:datafield><marcx:datafield tag="021" ind1="0" ind2="0"><marcx:subfield code="d">kr. 139,00</marcx:subfield></marcx:datafield><marcx:datafield tag="032" ind1="0" ind2="0"><marcx:subfield code="x">SFG199908</marcx:subfield><marcx:subfield code="x">DAT200021</marcx:subfield></marcx:datafield><marcx:datafield tag="039" ind1="0" ind2="0"><marcx:subfield code="a">kam</marcx:subfield></marcx:datafield><marcx:datafield tag="100" ind1="0" ind2="0"><marcx:subfield code="a">Britten</marcx:subfield><marcx:subfield code="h">Benjamin</marcx:subfield></marcx:datafield><marcx:datafield tag="239" ind1="0" ind2="0"><marcx:subfield code="t">Kvartet for 2 violiner, viola og violoncel, F-dur, 1928</marcx:subfield><marcx:subfield code="ø">Sorrel-Kvartetten</marcx:subfield></marcx:datafield><marcx:datafield tag="245" ind1="0" ind2="0"><marcx:subfield code="a">String Quartet in F major (1928)</marcx:subfield><marcx:subfield code="e">Benjamin Britten</marcx:subfield></marcx:datafield><marcx:datafield tag="260" ind1="0" ind2="0"><marcx:subfield code="a">Colchester</marcx:subfield><marcx:subfield code="b">Chandos</marcx:subfield><marcx:subfield code="c">p 1998</marcx:subfield></marcx:datafield><marcx:datafield tag="300" ind1="0" ind2="0"><marcx:subfield code="n">1 cd</marcx:subfield><marcx:subfield code="b">digitaloptagelse</marcx:subfield></marcx:datafield><marcx:datafield tag="512" ind1="0" ind2="0"><marcx:subfield code="a">Indspillet i Snape Maltings, England 1998</marcx:subfield></marcx:datafield><marcx:datafield tag="513" ind1="0" ind2="0"><marcx:subfield code="e">Sorrel Quartet</marcx:subfield></marcx:datafield><marcx:datafield tag="531" ind1="0" ind2="0"><marcx:subfield code="a">Indeholder også:</marcx:subfield></marcx:datafield><marcx:datafield tag="538" ind1="0" ind2="0"><marcx:subfield code="f">Chandos</marcx:subfield><marcx:subfield code="g">CHAN 9664</marcx:subfield></marcx:datafield><marcx:datafield tag="652" ind1="0" ind2="0"><marcx:subfield code="m">78.421</marcx:subfield><marcx:subfield code="v">4</marcx:subfield></marcx:datafield><marcx:datafield tag="652" ind1="0" ind2="0"><marcx:subfield code="å">11</marcx:subfield><marcx:subfield code="i">78.421</marcx:subfield><marcx:subfield code="v">4</marcx:subfield><marcx:subfield code="i">78.421</marcx:subfield><marcx:subfield code="v">4</marcx:subfield></marcx:datafield><marcx:datafield tag="666" ind1="0" ind2="0"><marcx:subfield code="0"/><marcx:subfield code="m">neoklassik</marcx:subfield><marcx:subfield code="m">kammermusik</marcx:subfield><marcx:subfield code="n">instrumental</marcx:subfield><marcx:subfield code="n">strygekvartet</marcx:subfield><marcx:subfield code="p">1920-1929</marcx:subfield><marcx:subfield code="l">England</marcx:subfield></marcx:datafield><marcx:datafield tag="666" ind1="0" ind2="0"><marcx:subfield code="0"/><marcx:subfield code="å">11</marcx:subfield><marcx:subfield code="m">neoklassik</marcx:subfield><marcx:subfield code="m">kammermusik</marcx:subfield><marcx:subfield code="n">instrumental</marcx:subfield><marcx:subfield code="n">strygekvartet</marcx:subfield><marcx:subfield code="p">1930-1939</marcx:subfield><marcx:subfield code="p">1940-1949</marcx:subfield><marcx:subfield code="l">England</marcx:subfield></marcx:datafield><marcx:datafield tag="710" ind1="0" ind2="0"><marcx:subfield code="a">Sorrel-Kvartetten</marcx:subfield></marcx:datafield><marcx:datafield tag="770" ind1="0" ind2="0"><marcx:subfield code="å">11</marcx:subfield><marcx:subfield code="a">Britten</marcx:subfield><marcx:subfield code="h">Benjamin</marcx:subfield></marcx:datafield><marcx:datafield tag="795" ind1="0" ind2="0"><marcx:subfield code="å">11</marcx:subfield><marcx:subfield code="a">Kvartet for 2 violiner, viola og violoncel, D-dur, 1931</marcx:subfield><marcx:subfield code="a">Kvartet for 2 violiner, viola og violoncel nr. 2, C-dur, opus 36</marcx:subfield></marcx:datafield><marcx:datafield tag="990" ind1="0" ind2="0"><marcx:subfield code="a">SFG</marcx:subfield><marcx:subfield code="c">C</marcx:subfield><marcx:subfield code="o">199908</marcx:subfield><marcx:subfield code="t">12.03.99</marcx:subfield></marcx:datafield><marcx:datafield tag="996" ind1="0" ind2="0"><marcx:subfield code="a">DBC</marcx:subfield></marcx:datafield></marcx:record>