
<marcx:record format="danMARC2" type="Bibliographic" xmlns:marcx="info:lc/xmlns/marcxchange-v1"><marcx:leader>00000n    2200000   4500</marcx:leader><marcx:datafield tag="001" ind1="0" ind2="0"><marcx:subfield code="a">23681978</marcx:subfield><marcx:subfield code="b">191919</marcx:subfield><marcx:subfield code="c">20020118005249</marcx:subfield><marcx:subfield code="d">20010919</marcx:subfield><marcx:subfield code="f">a</marcx:subfield></marcx:datafield><marcx:datafield tag="004" ind1="0" ind2="0"><marcx:subfield code="r">n</marcx:subfield><marcx:subfield code="a">e</marcx:subfield></marcx:datafield><marcx:datafield tag="005" ind1="0" ind2="0"><marcx:subfield code="h">e</marcx:subfield></marcx:datafield><marcx:datafield tag="008" ind1="0" ind2="0"><marcx:subfield code="t">s</marcx:subfield><marcx:subfield code="u">f</marcx:subfield><marcx:subfield code="a">2001</marcx:subfield><marcx:subfield code="b">xx</marcx:subfield><marcx:subfield code="l">eng</marcx:subfield><marcx:subfield code="v">0</marcx:subfield></marcx:datafield><marcx:datafield tag="009" ind1="0" ind2="0"><marcx:subfield code="a">s</marcx:subfield><marcx:subfield code="g">xc</marcx:subfield></marcx:datafield><marcx:datafield tag="020" ind1="0" ind2="0"><marcx:subfield code="a">dk</marcx:subfield></marcx:datafield><marcx:datafield tag="021" ind1="0" ind2="0"><marcx:subfield code="d">kr. 159,00</marcx:subfield></marcx:datafield><marcx:datafield tag="023" ind1="0" ind2="0"><marcx:subfield code="a">0809274119629</marcx:subfield></marcx:datafield><marcx:datafield tag="032" ind1="0" ind2="0"><marcx:subfield code="a">DMO200141</marcx:subfield><marcx:subfield code="x">BØK200101</marcx:subfield><marcx:subfield code="x">SFG200141</marcx:subfield></marcx:datafield><marcx:datafield tag="039" ind1="0" ind2="0"><marcx:subfield code="a">bef</marcx:subfield></marcx:datafield><marcx:datafield tag="100" ind1="0" ind2="0"><marcx:subfield code="a">Blond</marcx:subfield><marcx:subfield code="h">Kristine</marcx:subfield></marcx:datafield><marcx:datafield tag="245" ind1="0" ind2="0"><marcx:subfield code="a">All I ever wanted</marcx:subfield><marcx:subfield code="j">Kristine Blond with Cutfather &amp; Joe (Joe Belmaati, Mich Hansen), Jonas krag ... [et al.]</marcx:subfield><marcx:subfield code="i">Kristine Blond, [vocals]</marcx:subfield><marcx:subfield code="i">produced by Cutfather &amp; Joe ... [et al.]</marcx:subfield><marcx:subfield code="i">mixed by Mads Nilsson ... [et al.]</marcx:subfield></marcx:datafield><marcx:datafield tag="260" ind1="0" ind2="0"><marcx:subfield code="a">[S.l.]</marcx:subfield><marcx:subfield code="b">Milkk</marcx:subfield><marcx:subfield code="a">[S.l.]</marcx:subfield><marcx:subfield code="b">WEA</marcx:subfield><marcx:subfield code="c">p 2001</marcx:subfield></marcx:datafield><marcx:datafield tag="300" ind1="0" ind2="0"><marcx:subfield code="n">1 cd</marcx:subfield></marcx:datafield><marcx:datafield tag="512" ind1="0" ind2="0"><marcx:subfield code="a">Tekster på omslag</marcx:subfield></marcx:datafield><marcx:datafield tag="531" ind1="0" ind2="0"><marcx:subfield code="a">Indhold:</marcx:subfield></marcx:datafield><marcx:datafield tag="538" ind1="0" ind2="0"><marcx:subfield code="f">Milkk</marcx:subfield><marcx:subfield code="g">MILKK 9</marcx:subfield><marcx:subfield code="f">WEA</marcx:subfield><marcx:subfield code="g">092741196-2</marcx:subfield></marcx:datafield><marcx:datafield tag="652" ind1="0" ind2="0"><marcx:subfield code="m">78.794</marcx:subfield><marcx:subfield code="v">5</marcx:subfield></marcx:datafield><marcx:datafield tag="666" ind1="0" ind2="0"><marcx:subfield code="0"/><marcx:subfield code="m">pop</marcx:subfield><marcx:subfield code="m">r&amp;b</marcx:subfield><marcx:subfield code="m">soul</marcx:subfield><marcx:subfield code="n">vokal</marcx:subfield><marcx:subfield code="p">2000-2009</marcx:subfield><marcx:subfield code="l">Danmark</marcx:subfield></marcx:datafield><marcx:datafield tag="700" ind1="0" ind2="0"><marcx:subfield code="å">101</marcx:subfield><marcx:subfield code="a">Cutfather</marcx:subfield></marcx:datafield><marcx:datafield tag="700" ind1="0" ind2="0"><marcx:subfield code="a">Belmaati</marcx:subfield><marcx:subfield code="h">Joe</marcx:subfield></marcx:datafield><marcx:datafield tag="700" ind1="0" ind2="0"><marcx:subfield code="a">Krag</marcx:subfield><marcx:subfield code="h">Jonas</marcx:subfield></marcx:datafield><marcx:datafield tag="700" ind1="0" ind2="0"><marcx:subfield code="a">Röh</marcx:subfield><marcx:subfield code="h">Tue</marcx:subfield></marcx:datafield><marcx:datafield tag="700" ind1="0" ind2="0"><marcx:subfield code="a">Lund</marcx:subfield><marcx:subfield code="h">Kristian</marcx:subfield></marcx:datafield><marcx:datafield tag="700" ind1="0" ind2="0"><marcx:subfield code="å">11</marcx:subfield><marcx:subfield code="a">Bähncke</marcx:subfield><marcx:subfield code="h">Rasmus Bille</marcx:subfield></marcx:datafield><marcx:datafield tag="700" ind1="0" ind2="0"><marcx:subfield code="a">Tromborg</marcx:subfield><marcx:subfield code="h">René</marcx:subfield></marcx:datafield><marcx:datafield tag="700" ind1="0" ind2="0"><marcx:subfield code="a">Pors</marcx:subfield><marcx:subfield code="h">Nils</marcx:subfield></marcx:datafield><marcx:datafield tag="700" ind1="0" ind2="0"><marcx:subfield code="å">1</marcx:subfield><marcx:subfield code="a">Windfeld Schmidt</marcx:subfield><marcx:subfield code="h">Thomas</marcx:subfield></marcx:datafield><marcx:datafield tag="700" ind1="0" ind2="0"><marcx:subfield code="a">Holmberg</marcx:subfield><marcx:subfield code="h">Linda</marcx:subfield></marcx:datafield><marcx:datafield tag="700" ind1="0" ind2="0"><marcx:subfield code="a">Remee</marcx:subfield></marcx:datafield><marcx:datafield tag="710" ind1="0" ind2="0"><marcx:subfield code="a">Supa'Flyas</marcx:subfield></marcx:datafield><marcx:datafield tag="710" ind1="0" ind2="0"><marcx:subfield code="a">Club Asylum</marcx:subfield></marcx:datafield><marcx:datafield tag="710" ind1="0" ind2="0"><marcx:subfield code="a">Soul Poets</marcx:subfield></marcx:datafield><marcx:datafield tag="795" ind1="0" ind2="0"><marcx:subfield code="å">11</marcx:subfield><marcx:subfield code="a">You make me go oooh (Supa'Flyas mix)</marcx:subfield><marcx:subfield code="i">written by Savan Kotecha/Rasmus Bille Bähncke/Rene Tromborg</marcx:subfield><marcx:subfield code="i">Supa'Flyas: all instruments</marcx:subfield><marcx:subfield code="i">Jonas Krag: acoustic guitar</marcx:subfield><marcx:subfield code="a">All I ever wanted</marcx:subfield><marcx:subfield code="i">written by Lindy Robbins/Mich Hedin Hansen/Joe Belmaati</marcx:subfield><marcx:subfield code="i">vocal arrangement by Lindy Robbins</marcx:subfield><marcx:subfield code="i">Joe Belmaati: keys &amp; programming &amp; guitar</marcx:subfield><marcx:subfield code="i">Mich Hansen: percussion</marcx:subfield><marcx:subfield code="i">backing vocals: Lisa LeShawn &amp; Kristine Blond</marcx:subfield><marcx:subfield code="a">Coming up for air</marcx:subfield><marcx:subfield code="i">written by David Kopatz/Mich Hedin Hansen/Joe Belmaati</marcx:subfield><marcx:subfield code="i">Joe Belmaati: keys &amp; programming &amp; guitar</marcx:subfield><marcx:subfield code="i">Mich Hansen: percussion</marcx:subfield><marcx:subfield code="a">You belong to someone else (C&amp;J mix)</marcx:subfield><marcx:subfield code="i">written by Jörgen Elofsson/Mich Hedin Hansen/Joe Belmaati</marcx:subfield><marcx:subfield code="i">Joe Belmaati: keys &amp; programming</marcx:subfield><marcx:subfield code="i">Mich Hansen: percussion</marcx:subfield><marcx:subfield code="i">Jonas Krag: guitar</marcx:subfield><marcx:subfield code="i">Tue Röh: Fender Rhodes</marcx:subfield><marcx:subfield code="i">Kristian Lund &amp; Kristine Blond: backing vocals</marcx:subfield><marcx:subfield code="a">Teach him</marcx:subfield><marcx:subfield code="i">written by Andrea Martin/Ivan Matias/Mich Hedin Hansen/Joe Belmaati</marcx:subfield><marcx:subfield code="i">Joe Belmaati: keys &amp; programming &amp; guitar</marcx:subfield><marcx:subfield code="i">Mich Hansen: percussion</marcx:subfield><marcx:subfield code="i">This is how I wanna be</marcx:subfield><marcx:subfield code="i">written by Jörgen Elofsson/Kara DioGuardi/Mich Hedin Hansen/Joe Belmaati</marcx:subfield><marcx:subfield code="i">Joe Belmaati: keys &amp; programming</marcx:subfield><marcx:subfield code="i">Mich Hansen: percussion</marcx:subfield><marcx:subfield code="a">Naturally</marcx:subfield><marcx:subfield code="i">written by Remee/Rene Tromborg/Rasmus Bille Bähncke</marcx:subfield><marcx:subfield code="i">Supa'Flyas: all instruments</marcx:subfield><marcx:subfield code="i">Kristian Lund &amp; Kristine Blond: backing vocals</marcx:subfield><marcx:subfield code="a">Green light</marcx:subfield><marcx:subfield code="i">written by Billy Mann/Mich Hedin Hansen/Joe Belmaati</marcx:subfield><marcx:subfield code="i">Joe Belmaati: keys &amp; programming</marcx:subfield><marcx:subfield code="i">Mich Hansen: percussion</marcx:subfield><marcx:subfield code="i">Billy Mann: guitar</marcx:subfield><marcx:subfield code="i">Kristian Lund &amp; Kristine Blond: backing vocals</marcx:subfield><marcx:subfield code="a">This party</marcx:subfield><marcx:subfield code="i">written by Jörgen Elofsson/Mich Hedin Hansen/Joe Belmaati</marcx:subfield><marcx:subfield code="i">Joe Belmaati: keys &amp; programming</marcx:subfield><marcx:subfield code="i">Mich Hansen: percussion</marcx:subfield><marcx:subfield code="a">Hell no</marcx:subfield><marcx:subfield code="i">written by Thomas Windfeld/Nils Pors/Brandon Kirkham</marcx:subfield><marcx:subfield code="i">Soul Poets: all instruments</marcx:subfield><marcx:subfield code="i">Jonas Krag: guitar</marcx:subfield><marcx:subfield code="i">Linda Holmberg &amp; Kristine Blond: backing vocals</marcx:subfield><marcx:subfield code="a">Love shy (Club Asylum radio mix)</marcx:subfield><marcx:subfield code="i">written by Billy Mann</marcx:subfield><marcx:subfield code="e">remix by Club Asylum</marcx:subfield></marcx:datafield><marcx:datafield tag="900" ind1="0" ind2="0"><marcx:subfield code="a">Hansen</marcx:subfield><marcx:subfield code="h">Mich</marcx:subfield><marcx:subfield code="z">700/101</marcx:subfield></marcx:datafield><marcx:datafield tag="900" ind1="0" ind2="0"><marcx:subfield code="a">Bille Bähncke</marcx:subfield><marcx:subfield code="h">Rasmus</marcx:subfield><marcx:subfield code="z">700/11</marcx:subfield></marcx:datafield><marcx:datafield tag="900" ind1="0" ind2="0"><marcx:subfield code="a">Schmidt</marcx:subfield><marcx:subfield code="h">Thomas Windfeld</marcx:subfield><marcx:subfield code="z">700/1</marcx:subfield></marcx:datafield><marcx:datafield tag="990" ind1="0" ind2="0"><marcx:subfield code="a">SFG</marcx:subfield><marcx:subfield code="o">200141</marcx:subfield><marcx:subfield code="b">B</marcx:subfield><marcx:subfield code="c">C</marcx:subfield><marcx:subfield code="t">01</marcx:subfield><marcx:subfield code="t">02.11.20</marcx:subfield></marcx:datafield><marcx:datafield tag="991" ind1="0" ind2="0"><marcx:subfield code="o">\(Diskodiagnoser 200141)\</marcx:subfield></marcx:datafield><marcx:datafield tag="996" ind1="0" ind2="0"><marcx:subfield code="a">DBC</marcx:subfield></marcx:datafield></marcx:record>