
<marcx:record format="danMARC2" type="Bibliographic" xmlns:marcx="info:lc/xmlns/marcxchange-v1"><marcx:leader>00000n    2200000   4500</marcx:leader><marcx:datafield tag="001" ind1="0" ind2="0"><marcx:subfield code="a">22447491</marcx:subfield><marcx:subfield code="b">191919</marcx:subfield><marcx:subfield code="c">20150411130000</marcx:subfield><marcx:subfield code="d">19990512</marcx:subfield><marcx:subfield code="f">a</marcx:subfield></marcx:datafield><marcx:datafield tag="004" ind1="0" ind2="0"><marcx:subfield code="r">n</marcx:subfield><marcx:subfield code="a">e</marcx:subfield></marcx:datafield><marcx:datafield tag="008" ind1="0" ind2="0"><marcx:subfield code="t">m</marcx:subfield><marcx:subfield code="u">u</marcx:subfield><marcx:subfield code="a">1999</marcx:subfield><marcx:subfield code="b">dk</marcx:subfield><marcx:subfield code="l">dan</marcx:subfield><marcx:subfield code="v">0</marcx:subfield></marcx:datafield><marcx:datafield tag="009" ind1="0" ind2="0"><marcx:subfield code="a">m</marcx:subfield><marcx:subfield code="g">nh</marcx:subfield><marcx:subfield code="b">a</marcx:subfield><marcx:subfield code="h">xx</marcx:subfield></marcx:datafield><marcx:datafield tag="021" ind1="0" ind2="0"><marcx:subfield code="d">Kr. 250,00 kplt.</marcx:subfield></marcx:datafield><marcx:datafield tag="021" ind1="0" ind2="0"><marcx:subfield code="a">87-7483-419-3</marcx:subfield><marcx:subfield code="b">video</marcx:subfield><marcx:subfield code="b">benyttelse: 0</marcx:subfield></marcx:datafield><marcx:datafield tag="021" ind1="0" ind2="0"><marcx:subfield code="a">87-7483-417-7</marcx:subfield><marcx:subfield code="b">debathæfte</marcx:subfield></marcx:datafield><marcx:datafield tag="032" ind1="0" ind2="0"><marcx:subfield code="a">DBI199922</marcx:subfield><marcx:subfield code="x">SKO200001</marcx:subfield><marcx:subfield code="x">SFA199922</marcx:subfield></marcx:datafield><marcx:datafield tag="245" ind1="0" ind2="0"><marcx:subfield code="a">Det er livet, det handler om!</marcx:subfield><marcx:subfield code="c">en video om drenges vilde lege</marcx:subfield><marcx:subfield code="e">idé og produktion Lars Henningsen, Klaus Lasvill-Mortensen</marcx:subfield></marcx:datafield><marcx:datafield tag="260" ind1="0" ind2="0"><marcx:subfield code="a">Århus</marcx:subfield><marcx:subfield code="b">Zip Zap Video</marcx:subfield><marcx:subfield code="b">Husets Forlag</marcx:subfield><marcx:subfield code="e">distributør</marcx:subfield><marcx:subfield code="c">[1999]</marcx:subfield></marcx:datafield><marcx:datafield tag="300" ind1="0" ind2="0"><marcx:subfield code="n">1 kassette</marcx:subfield><marcx:subfield code="e">VHS</marcx:subfield><marcx:subfield code="l">25 min.</marcx:subfield><marcx:subfield code="d">1 debathæfte</marcx:subfield></marcx:datafield><marcx:datafield tag="440" ind1="0" ind2="0"><marcx:subfield code="0"/><marcx:subfield code="a">Børnekultur - medielege</marcx:subfield></marcx:datafield><marcx:datafield tag="512" ind1="0" ind2="0"><marcx:subfield code="i">Debathæfte med titel</marcx:subfield><marcx:subfield code="t">Drengeleg og actionmen</marcx:subfield></marcx:datafield><marcx:datafield tag="520" ind1="0" ind2="0"><marcx:subfield code="a">Produceret i 1991</marcx:subfield></marcx:datafield><marcx:datafield tag="652" ind1="0" ind2="0"><marcx:subfield code="m">13.43</marcx:subfield></marcx:datafield><marcx:datafield tag="700" ind1="0" ind2="0"><marcx:subfield code="0"/><marcx:subfield code="a">Henningsen</marcx:subfield><marcx:subfield code="h">Lars</marcx:subfield><marcx:subfield code="c">f. 1954</marcx:subfield></marcx:datafield><marcx:datafield tag="700" ind1="0" ind2="0"><marcx:subfield code="0"/><marcx:subfield code="å">1</marcx:subfield><marcx:subfield code="a">Lasvill-Mortensen</marcx:subfield><marcx:subfield code="h">Klaus</marcx:subfield></marcx:datafield><marcx:datafield tag="900" ind1="0" ind2="0"><marcx:subfield code="0"/><marcx:subfield code="a">Mortensen</marcx:subfield><marcx:subfield code="h">Klaus Lasvill-</marcx:subfield><marcx:subfield code="z">700/1</marcx:subfield></marcx:datafield><marcx:datafield tag="990" ind1="0" ind2="0"><marcx:subfield code="a">SFA</marcx:subfield><marcx:subfield code="b">F</marcx:subfield><marcx:subfield code="b">S</marcx:subfield><marcx:subfield code="m">Av-beskrivelse udsendes: 199924.</marcx:subfield><marcx:subfield code="o">199922</marcx:subfield></marcx:datafield><marcx:datafield tag="991" ind1="0" ind2="0"><marcx:subfield code="o">Tidligere distribueret: Beder : Foreningen Vildskud, 1991 (optaget i Av-fortegnelse 199312 (2 022 426 6))</marcx:subfield></marcx:datafield><marcx:datafield tag="996" ind1="0" ind2="0"><marcx:subfield code="a">DBC</marcx:subfield></marcx:datafield></marcx:record>