
<marcx:record format="danMARC2" type="Bibliographic" xmlns:marcx="info:lc/xmlns/marcxchange-v1"><marcx:leader>00000n    2200000   4500</marcx:leader><marcx:datafield tag="001" ind1="0" ind2="0"><marcx:subfield code="a">23812525</marcx:subfield><marcx:subfield code="b">191919</marcx:subfield><marcx:subfield code="c">20020910115021</marcx:subfield><marcx:subfield code="d">20011129</marcx:subfield><marcx:subfield code="f">a</marcx:subfield></marcx:datafield><marcx:datafield tag="004" ind1="0" ind2="0"><marcx:subfield code="r">n</marcx:subfield><marcx:subfield code="a">e</marcx:subfield></marcx:datafield><marcx:datafield tag="008" ind1="0" ind2="0"><marcx:subfield code="t">s</marcx:subfield><marcx:subfield code="u">f</marcx:subfield><marcx:subfield code="a">2000</marcx:subfield><marcx:subfield code="b">us</marcx:subfield><marcx:subfield code="l">vie</marcx:subfield><marcx:subfield code="v">0</marcx:subfield></marcx:datafield><marcx:datafield tag="009" ind1="0" ind2="0"><marcx:subfield code="a">s</marcx:subfield><marcx:subfield code="g">xc</marcx:subfield></marcx:datafield><marcx:datafield tag="039" ind1="0" ind2="0"><marcx:subfield code="a">und</marcx:subfield></marcx:datafield><marcx:datafield tag="100" ind1="0" ind2="0"><marcx:subfield code="a">Thê Sơn</marcx:subfield></marcx:datafield><marcx:datafield tag="245" ind1="0" ind2="0"><marcx:subfield code="a">Nêu điêu đó ảy ra</marcx:subfield><marcx:subfield code="e">[Sang:]Thê Sơn</marcx:subfield><marcx:subfield code="f">med Thiên Kim</marcx:subfield></marcx:datafield><marcx:datafield tag="260" ind1="0" ind2="0"><marcx:subfield code="b">Thúy Nga</marcx:subfield></marcx:datafield><marcx:datafield tag="260" ind1="0" ind2="0"><marcx:subfield code="a">Westminster, Calif.</marcx:subfield><marcx:subfield code="b">Thúy Nga</marcx:subfield><marcx:subfield code="c">2000</marcx:subfield></marcx:datafield><marcx:datafield tag="300" ind1="0" ind2="0"><marcx:subfield code="n">1 cd</marcx:subfield><marcx:subfield code="b">Digitaloptagelse</marcx:subfield></marcx:datafield><marcx:datafield tag="504" ind1="0" ind2="0"><marcx:subfield code="a">Vietnamesiske kærlighedssange (pop) - sunget af kendte sangere af vietnamesisk oprindelse</marcx:subfield></marcx:datafield><marcx:datafield tag="504" ind1="0" ind2="0"><marcx:subfield code="a">Nhạc pop. Nhưng bài Viêt tình ca</marcx:subfield></marcx:datafield><marcx:datafield tag="538" ind1="0" ind2="0"><marcx:subfield code="f">Thúy Nga</marcx:subfield><marcx:subfield code="g">TNCD 218</marcx:subfield></marcx:datafield><marcx:datafield tag="652" ind1="0" ind2="0"><marcx:subfield code="m">78.797</marcx:subfield><marcx:subfield code="v">8246</marcx:subfield></marcx:datafield><marcx:datafield tag="700" ind1="0" ind2="0"><marcx:subfield code="a">Thiên Kim</marcx:subfield></marcx:datafield><marcx:datafield tag="900" ind1="0" ind2="0"><marcx:subfield code="a">Sơn</marcx:subfield><marcx:subfield code="h">Thê</marcx:subfield><marcx:subfield code="z">100</marcx:subfield></marcx:datafield><marcx:datafield tag="900" ind1="0" ind2="0"><marcx:subfield code="a">Kim</marcx:subfield><marcx:subfield code="h">Thiên</marcx:subfield><marcx:subfield code="z">700</marcx:subfield></marcx:datafield><marcx:datafield tag="996" ind1="0" ind2="0"><marcx:subfield code="a">700300</marcx:subfield></marcx:datafield></marcx:record>