
<record xsi:schemaLocation="http://www.loc.gov/standards/iso25577/marcxchange-1-1.xsd" xmlns="info:lc/xmlns/marcxchange-v1" xmlns:xsi="http://www.w3.org/2001/XMLSchema-instance"><leader>00000n    2200000   4500</leader><datafield tag="001" ind1="0" ind2="0"><subfield code="a">45706311</subfield><subfield code="b">191919</subfield><subfield code="c">20150827141447</subfield><subfield code="d">20150827</subfield><subfield code="f">a</subfield></datafield><datafield tag="002" ind1="0" ind2="0"><subfield code="b">715100</subfield><subfield code="c">90196758</subfield><subfield code="x">71510090196758</subfield></datafield><datafield tag="004" ind1="0" ind2="0"><subfield code="r">c</subfield><subfield code="a">e</subfield></datafield><datafield tag="008" ind1="0" ind2="0"><subfield code="t">m</subfield><subfield code="u">f</subfield><subfield code="a">1991</subfield><subfield code="b">gb</subfield><subfield code="d">x</subfield><subfield code="l">eng</subfield><subfield code="v">0</subfield></datafield><datafield tag="009" ind1="0" ind2="0"><subfield code="a">a</subfield><subfield code="g">xx</subfield></datafield><datafield tag="021" ind1="0" ind2="0"><subfield code="a">0-435-27777-4</subfield><subfield code="c">hf.</subfield></datafield><datafield tag="100" ind1="0" ind2="0"><subfield code="a">McLean</subfield><subfield code="h">Alan C.</subfield></datafield><datafield tag="245" ind1="0" ind2="0"><subfield code="a">Mystery on Mallorca</subfield><subfield code="e">Alan C. McLean</subfield><subfield code="f">illustrations by Frances Lloyd</subfield></datafield><datafield tag="260" ind1="0" ind2="0"><subfield code="a">London</subfield><subfield code="b">Heinemann</subfield><subfield code="c">1991</subfield></datafield><datafield tag="300" ind1="0" ind2="0"><subfield code="a">32 sider</subfield><subfield code="b">ill. i farver</subfield></datafield><datafield tag="440" ind1="0" ind2="0"><subfield code="a">Heinemann New Wave Readers</subfield></datafield><datafield tag="504" ind1="0" ind2="0"><subfield code="a">Debbie tager på sin første rejse til Mallorca med sin veninde Claire. Men efter at Debbie møder den mystiske Herr Krainer, bliver ferien ikke så afslappende som hun havde troet</subfield></datafield><datafield tag="652" ind1="0" ind2="0"><subfield code="m">83</subfield></datafield><datafield tag="996" ind1="0" ind2="0"><subfield code="a">715100</subfield></datafield></record>