
<record xsi:schemaLocation="http://www.loc.gov/standards/iso25577/marcxchange-1-1.xsd" xmlns="info:lc/xmlns/marcxchange-v1" xmlns:xsi="http://www.w3.org/2001/XMLSchema-instance"><leader>00000n    2200000   4500</leader><datafield tag="001" ind1="0" ind2="0"><subfield code="a">45706338</subfield><subfield code="b">191919</subfield><subfield code="c">20150827141448</subfield><subfield code="d">20111208</subfield><subfield code="f">a</subfield></datafield><datafield tag="002" ind1="0" ind2="0"><subfield code="b">715100</subfield><subfield code="c">90540262</subfield><subfield code="x">71510090540262</subfield></datafield><datafield tag="004" ind1="0" ind2="0"><subfield code="r">c</subfield><subfield code="a">e</subfield></datafield><datafield tag="008" ind1="0" ind2="0"><subfield code="t">m</subfield><subfield code="u">f</subfield><subfield code="a">2013</subfield><subfield code="b">us</subfield><subfield code="d">x</subfield><subfield code="j">f</subfield><subfield code="l">eng</subfield><subfield code="v">0</subfield></datafield><datafield tag="009" ind1="0" ind2="0"><subfield code="a">a</subfield><subfield code="g">xx</subfield></datafield><datafield tag="021" ind1="0" ind2="0"><subfield code="e">9781606844410</subfield></datafield><datafield tag="100" ind1="0" ind2="0"><subfield code="A">macentire</subfield><subfield code="a">McEntire</subfield><subfield code="h">Myra</subfield><subfield code="4">aut</subfield></datafield><datafield tag="245" ind1="0" ind2="0"><subfield code="a">Infinityglass</subfield></datafield><datafield tag="260" ind1="0" ind2="0"><subfield code="a">New York</subfield><subfield code="b">Egmont</subfield><subfield code="c">2013</subfield></datafield><datafield tag="300" ind1="0" ind2="0"><subfield code="a">293 sider</subfield></datafield><datafield tag="440" ind1="0" ind2="0"><subfield code="a">An ¤hourglass novel</subfield><subfield code="v">[3]</subfield></datafield><datafield tag="652" ind1="0" ind2="0"><subfield code="m">83.8</subfield></datafield><datafield tag="666" ind1="0" ind2="0"><subfield code="s">kærlighed</subfield></datafield><datafield tag="666" ind1="0" ind2="0"><subfield code="s">paranormal romance</subfield></datafield><datafield tag="666" ind1="0" ind2="0"><subfield code="s">spænding</subfield></datafield><datafield tag="666" ind1="0" ind2="0"><subfield code="s">science fiction</subfield></datafield><datafield tag="996" ind1="0" ind2="0"><subfield code="a">715100</subfield></datafield></record>