
<marcx:record format="danMARC2" type="Bibliographic" xmlns:marcx="info:lc/xmlns/marcxchange-v1"><marcx:leader>00000n    2200000   4500</marcx:leader><marcx:datafield tag="001" ind1="0" ind2="0"><marcx:subfield code="a">22445340</marcx:subfield><marcx:subfield code="b">191919</marcx:subfield><marcx:subfield code="c">20000515005951</marcx:subfield><marcx:subfield code="d">19990511</marcx:subfield><marcx:subfield code="f">a</marcx:subfield></marcx:datafield><marcx:datafield tag="004" ind1="0" ind2="0"><marcx:subfield code="r">n</marcx:subfield><marcx:subfield code="a">e</marcx:subfield></marcx:datafield><marcx:datafield tag="008" ind1="0" ind2="0"><marcx:subfield code="t">s</marcx:subfield><marcx:subfield code="u">f</marcx:subfield><marcx:subfield code="a">1999</marcx:subfield><marcx:subfield code="b">dk</marcx:subfield><marcx:subfield code="l">eng</marcx:subfield><marcx:subfield code="v">0</marcx:subfield></marcx:datafield><marcx:datafield tag="009" ind1="0" ind2="0"><marcx:subfield code="a">s</marcx:subfield><marcx:subfield code="g">xc</marcx:subfield></marcx:datafield><marcx:datafield tag="020" ind1="0" ind2="0"><marcx:subfield code="a">dk</marcx:subfield></marcx:datafield><marcx:datafield tag="021" ind1="0" ind2="0"><marcx:subfield code="d">kr. 139,00</marcx:subfield></marcx:datafield><marcx:datafield tag="032" ind1="0" ind2="0"><marcx:subfield code="x">SFG199921</marcx:subfield><marcx:subfield code="a">DMO199921</marcx:subfield><marcx:subfield code="x">DAT200021</marcx:subfield></marcx:datafield><marcx:datafield tag="039" ind1="0" ind2="0"><marcx:subfield code="a">jaz</marcx:subfield></marcx:datafield><marcx:datafield tag="100" ind1="0" ind2="0"><marcx:subfield code="a">Ellington</marcx:subfield><marcx:subfield code="h">Duke</marcx:subfield></marcx:datafield><marcx:datafield tag="245" ind1="0" ind2="0"><marcx:subfield code="a">The ¤British connexion 1933-40</marcx:subfield><marcx:subfield code="e">Duke Ellington and his Orchestra (Duke Ellington, Cootie Williams, Juan Tizol, Barney Bigard, Johnny Hodges, Harry Carney, Sonny Greer, Fred Guy, Ben Webster ... [et al.])</marcx:subfield><marcx:subfield code="i">produced with the kind help of Malcolm Mitchell and Jerry Valburn</marcx:subfield><marcx:subfield code="i">remastering: John R.T. Davies</marcx:subfield></marcx:datafield><marcx:datafield tag="260" ind1="0" ind2="0"><marcx:subfield code="a">[Kbh.]</marcx:subfield><marcx:subfield code="b">Jazz Unlimited</marcx:subfield><marcx:subfield code="c">p 1999</marcx:subfield></marcx:datafield><marcx:datafield tag="300" ind1="0" ind2="0"><marcx:subfield code="n">1 cd</marcx:subfield></marcx:datafield><marcx:datafield tag="512" ind1="0" ind2="0"><marcx:subfield code="a">Radiooptagelser London og New York City 1933-1940 og Liverpool 1958 (Take the A train)</marcx:subfield></marcx:datafield><marcx:datafield tag="531" ind1="0" ind2="0"><marcx:subfield code="a">Indhold:</marcx:subfield></marcx:datafield><marcx:datafield tag="538" ind1="0" ind2="0"><marcx:subfield code="f">Jazz Unlimited</marcx:subfield><marcx:subfield code="g">JUCD 2069</marcx:subfield></marcx:datafield><marcx:datafield tag="652" ind1="0" ind2="0"><marcx:subfield code="m">78.793</marcx:subfield><marcx:subfield code="v">3</marcx:subfield></marcx:datafield><marcx:datafield tag="666" ind1="0" ind2="0"><marcx:subfield code="0"/><marcx:subfield code="m">jazz</marcx:subfield><marcx:subfield code="m">swing</marcx:subfield><marcx:subfield code="n">instrumental</marcx:subfield><marcx:subfield code="n">big band</marcx:subfield><marcx:subfield code="p">1930-1939</marcx:subfield><marcx:subfield code="p">1940-1949</marcx:subfield><marcx:subfield code="l">USA</marcx:subfield></marcx:datafield><marcx:datafield tag="700" ind1="0" ind2="0"><marcx:subfield code="a">Anderson</marcx:subfield><marcx:subfield code="h">Ivie</marcx:subfield></marcx:datafield><marcx:datafield tag="700" ind1="0" ind2="0"><marcx:subfield code="a">Williams</marcx:subfield><marcx:subfield code="h">Cootie</marcx:subfield></marcx:datafield><marcx:datafield tag="700" ind1="0" ind2="0"><marcx:subfield code="a">Tizol</marcx:subfield><marcx:subfield code="h">Juan</marcx:subfield></marcx:datafield><marcx:datafield tag="700" ind1="0" ind2="0"><marcx:subfield code="a">Bigard</marcx:subfield><marcx:subfield code="h">Barney</marcx:subfield></marcx:datafield><marcx:datafield tag="700" ind1="0" ind2="0"><marcx:subfield code="a">Hodges</marcx:subfield><marcx:subfield code="h">Johnny</marcx:subfield></marcx:datafield><marcx:datafield tag="700" ind1="0" ind2="0"><marcx:subfield code="a">Carney</marcx:subfield><marcx:subfield code="h">Harry</marcx:subfield></marcx:datafield><marcx:datafield tag="700" ind1="0" ind2="0"><marcx:subfield code="a">Greer</marcx:subfield><marcx:subfield code="h">Sonny</marcx:subfield></marcx:datafield><marcx:datafield tag="700" ind1="0" ind2="0"><marcx:subfield code="a">Guy</marcx:subfield><marcx:subfield code="h">Fred</marcx:subfield></marcx:datafield><marcx:datafield tag="700" ind1="0" ind2="0"><marcx:subfield code="a">Webster</marcx:subfield><marcx:subfield code="h">Ben</marcx:subfield></marcx:datafield><marcx:datafield tag="795" ind1="0" ind2="0"><marcx:subfield code="å">11</marcx:subfield><marcx:subfield code="a">Hyde Park</marcx:subfield><marcx:subfield code="a">Harlem speaks</marcx:subfield><marcx:subfield code="c">2 takes</marcx:subfield><marcx:subfield code="a">Ain't mibehavin'</marcx:subfield><marcx:subfield code="a">Chicago</marcx:subfield><marcx:subfield code="c">2 takes</marcx:subfield><marcx:subfield code="a">Jazz pot-pourri</marcx:subfield><marcx:subfield code="a">Lady in doubt</marcx:subfield><marcx:subfield code="a">Every day</marcx:subfield><marcx:subfield code="c">2 takes</marcx:subfield><marcx:subfield code="a">Jeep's blues</marcx:subfield><marcx:subfield code="a">Ellington greeting into I let a song go out of my heart</marcx:subfield><marcx:subfield code="a">Chatterbox</marcx:subfield><marcx:subfield code="a">Old king Dooji</marcx:subfield><marcx:subfield code="a">Azure</marcx:subfield><marcx:subfield code="a">Harmony in Harlem (close)</marcx:subfield><marcx:subfield code="a">East St. Louis Todle-oo</marcx:subfield><marcx:subfield code="a">Ko ko</marcx:subfield><marcx:subfield code="a">Blue goose</marcx:subfield><marcx:subfield code="a">So far so good</marcx:subfield><marcx:subfield code="e">Ivie Anderson, vocals</marcx:subfield><marcx:subfield code="a">Cotton tail</marcx:subfield><marcx:subfield code="a">Concerto for Cootie</marcx:subfield><marcx:subfield code="a">Jack the bear</marcx:subfield><marcx:subfield code="a">Boy meets horn</marcx:subfield><marcx:subfield code="a">The ¤sergeant was shy</marcx:subfield><marcx:subfield code="a">Never no lament (close)</marcx:subfield><marcx:subfield code="a">Take the A train</marcx:subfield></marcx:datafield><marcx:datafield tag="990" ind1="0" ind2="0"><marcx:subfield code="a">SFG</marcx:subfield><marcx:subfield code="c">C</marcx:subfield><marcx:subfield code="o">199921</marcx:subfield><marcx:subfield code="t">11.06.99</marcx:subfield></marcx:datafield><marcx:datafield tag="996" ind1="0" ind2="0"><marcx:subfield code="a">DBC</marcx:subfield></marcx:datafield></marcx:record>