
<marcx:record format="danMARC2" type="Bibliographic" xmlns:marcx="info:lc/xmlns/marcxchange-v1"><marcx:leader>00000n    2200000   4500</marcx:leader><marcx:datafield tag="001" ind1="0" ind2="0"><marcx:subfield code="a">02705699</marcx:subfield><marcx:subfield code="b">191919</marcx:subfield><marcx:subfield code="c">20120601073835</marcx:subfield><marcx:subfield code="d">19810116</marcx:subfield><marcx:subfield code="f">a</marcx:subfield></marcx:datafield><marcx:datafield tag="004" ind1="0" ind2="0"><marcx:subfield code="r">n</marcx:subfield><marcx:subfield code="a">e</marcx:subfield></marcx:datafield><marcx:datafield tag="008" ind1="0" ind2="0"><marcx:subfield code="t">m</marcx:subfield><marcx:subfield code="u">f</marcx:subfield><marcx:subfield code="a">1975</marcx:subfield><marcx:subfield code="b">dk</marcx:subfield><marcx:subfield code="d">y</marcx:subfield><marcx:subfield code="l">dan</marcx:subfield><marcx:subfield code="o">s</marcx:subfield><marcx:subfield code="x">02</marcx:subfield><marcx:subfield code="v">1</marcx:subfield></marcx:datafield><marcx:datafield tag="009" ind1="0" ind2="0"><marcx:subfield code="a">a</marcx:subfield><marcx:subfield code="g">xx</marcx:subfield><marcx:subfield code="b">g</marcx:subfield><marcx:subfield code="h">kt</marcx:subfield></marcx:datafield><marcx:datafield tag="011" ind1="0" ind2="0"><marcx:subfield code="a">50253139</marcx:subfield></marcx:datafield><marcx:datafield tag="021" ind1="0" ind2="0"><marcx:subfield code="n">S 11/1-13</marcx:subfield><marcx:subfield code="c">ikke-klargjort</marcx:subfield></marcx:datafield><marcx:datafield tag="032" ind1="0" ind2="0"><marcx:subfield code="x">SKO197501</marcx:subfield><marcx:subfield code="x">DAT201224</marcx:subfield></marcx:datafield><marcx:datafield tag="044" ind1="0" ind2="0"><marcx:subfield code="a">F</marcx:subfield><marcx:subfield code="b">64b</marcx:subfield></marcx:datafield><marcx:datafield tag="100" ind1="0" ind2="0"><marcx:subfield code="a">Gaunꜳ</marcx:subfield><marcx:subfield code="h">Finn</marcx:subfield></marcx:datafield><marcx:datafield tag="245" ind1="0" ind2="0"><marcx:subfield code="a">Verden</marcx:subfield><marcx:subfield code="y">Transparenter [til] tekstbog</marcx:subfield></marcx:datafield><marcx:datafield tag="260" ind1="0" ind2="0"><marcx:subfield code="a">Kbh.</marcx:subfield><marcx:subfield code="b">Teachmaster</marcx:subfield><marcx:subfield code="b">Malling Beck</marcx:subfield><marcx:subfield code="c">1975</marcx:subfield></marcx:datafield><marcx:datafield tag="300" ind1="0" ind2="0"><marcx:subfield code="n">13 blade</marcx:subfield><marcx:subfield code="d">1 lærervejledning</marcx:subfield><marcx:subfield code="a">17 sider, 4 tavler</marcx:subfield></marcx:datafield><marcx:datafield tag="504" ind1="0" ind2="0"><marcx:subfield code="a">Om verdensbillede, kultur og religionshistorie for 8.-10. klasse</marcx:subfield></marcx:datafield><marcx:datafield tag="530" ind1="0" ind2="0"><marcx:subfield code="a">Indhold: Hellas ; Israel ; Mesopotamien ; Norden ; Ægypten ; Ptholomaios ; Copernicus</marcx:subfield></marcx:datafield><marcx:datafield tag="652" ind1="0" ind2="0"><marcx:subfield code="m">29</marcx:subfield></marcx:datafield><marcx:datafield tag="996" ind1="0" ind2="0"><marcx:subfield code="a">DBC</marcx:subfield></marcx:datafield></marcx:record>