
<marcx:record format="danMARC2" type="Bibliographic" xmlns:marcx="info:lc/xmlns/marcxchange-v1"><marcx:leader>00000n    2200000   4500</marcx:leader><marcx:datafield tag="001" ind1="0" ind2="0"><marcx:subfield code="a">22888560</marcx:subfield><marcx:subfield code="b">191919</marcx:subfield><marcx:subfield code="c">20000509081122</marcx:subfield><marcx:subfield code="d">20000417</marcx:subfield><marcx:subfield code="f">a</marcx:subfield></marcx:datafield><marcx:datafield tag="004" ind1="0" ind2="0"><marcx:subfield code="r">n</marcx:subfield><marcx:subfield code="a">e</marcx:subfield></marcx:datafield><marcx:datafield tag="008" ind1="0" ind2="0"><marcx:subfield code="t">s</marcx:subfield><marcx:subfield code="u">f</marcx:subfield><marcx:subfield code="a">1999</marcx:subfield><marcx:subfield code="b">xx</marcx:subfield><marcx:subfield code="l">eng</marcx:subfield><marcx:subfield code="v">0</marcx:subfield></marcx:datafield><marcx:datafield tag="009" ind1="0" ind2="0"><marcx:subfield code="a">s</marcx:subfield><marcx:subfield code="g">xc</marcx:subfield></marcx:datafield><marcx:datafield tag="020" ind1="0" ind2="0"><marcx:subfield code="a">dk</marcx:subfield></marcx:datafield><marcx:datafield tag="021" ind1="0" ind2="0"><marcx:subfield code="d">kr. 199,00</marcx:subfield></marcx:datafield><marcx:datafield tag="032" ind1="0" ind2="0"><marcx:subfield code="a">DMO200017</marcx:subfield><marcx:subfield code="x">DAT200020</marcx:subfield></marcx:datafield><marcx:datafield tag="039" ind1="0" ind2="0"><marcx:subfield code="a">bef</marcx:subfield></marcx:datafield><marcx:datafield tag="110" ind1="0" ind2="0"><marcx:subfield code="a">Metallica</marcx:subfield></marcx:datafield><marcx:datafield tag="245" ind1="0" ind2="0"><marcx:subfield code="a">S &amp; M symphony</marcx:subfield><marcx:subfield code="j">Metallica (James Hetfield, Lars Ulrich, Kirk Hammett, Jason Newsted) with the San Francisco Symphony</marcx:subfield><marcx:subfield code="e">dirigent: Michael Kamen</marcx:subfield><marcx:subfield code="i">Metallica (James Hetfield: guitars, vocals ; Lars Ulrich: drums ; Kirk Hammett: guitars ; Jason Newsted: bass</marcx:subfield><marcx:subfield code="i">San Francisco Symphony Orchestra</marcx:subfield><marcx:subfield code="i">arranged orchestrated and conducted by Michael Kamen</marcx:subfield><marcx:subfield code="i">produced by Bob Rock ... [et al.]</marcx:subfield><marcx:subfield code="i">mixed by Randy Staub ... [et al.]</marcx:subfield><marcx:subfield code="i">assisted by Stephen P. MacLaughlin ... [et al.]</marcx:subfield><marcx:subfield code="i">digital edits by Mike Gillies ... [et al.]</marcx:subfield><marcx:subfield code="i">additional editing by Michael Price ... [et al.]</marcx:subfield></marcx:datafield><marcx:datafield tag="260" ind1="0" ind2="0"><marcx:subfield code="a">[S.l.]</marcx:subfield><marcx:subfield code="b">Vertigo</marcx:subfield><marcx:subfield code="c">p 1999</marcx:subfield></marcx:datafield><marcx:datafield tag="300" ind1="0" ind2="0"><marcx:subfield code="n">2 cd'er</marcx:subfield></marcx:datafield><marcx:datafield tag="512" ind1="0" ind2="0"><marcx:subfield code="a">Live-optagelse, Berkeley Community Theatre, Californien d. 21.-22. april 1999</marcx:subfield></marcx:datafield><marcx:datafield tag="512" ind1="0" ind2="0"><marcx:subfield code="a">Limited box, 1000 eksemplarer, inkl. spillekort, kalender, t-shirt, plakat</marcx:subfield></marcx:datafield><marcx:datafield tag="531" ind1="0" ind2="0"><marcx:subfield code="a">Indhold:</marcx:subfield></marcx:datafield><marcx:datafield tag="538" ind1="0" ind2="0"><marcx:subfield code="f">Vertigo</marcx:subfield><marcx:subfield code="g">546797-2</marcx:subfield></marcx:datafield><marcx:datafield tag="652" ind1="0" ind2="0"><marcx:subfield code="m">78.794</marcx:subfield><marcx:subfield code="v">5</marcx:subfield></marcx:datafield><marcx:datafield tag="666" ind1="0" ind2="0"><marcx:subfield code="0"/><marcx:subfield code="m">rock</marcx:subfield><marcx:subfield code="m">heavy metal</marcx:subfield><marcx:subfield code="m">thrash metal</marcx:subfield><marcx:subfield code="n">vokal</marcx:subfield><marcx:subfield code="n">orkester</marcx:subfield><marcx:subfield code="p">1990-1999</marcx:subfield><marcx:subfield code="l">USA</marcx:subfield></marcx:datafield><marcx:datafield tag="700" ind1="0" ind2="0"><marcx:subfield code="a">Hetfield</marcx:subfield><marcx:subfield code="h">James</marcx:subfield></marcx:datafield><marcx:datafield tag="700" ind1="0" ind2="0"><marcx:subfield code="a">Ulrich</marcx:subfield><marcx:subfield code="h">Lars</marcx:subfield></marcx:datafield><marcx:datafield tag="700" ind1="0" ind2="0"><marcx:subfield code="a">Hammett</marcx:subfield><marcx:subfield code="h">Kirk</marcx:subfield></marcx:datafield><marcx:datafield tag="700" ind1="0" ind2="0"><marcx:subfield code="a">Newsted</marcx:subfield><marcx:subfield code="h">Jason</marcx:subfield></marcx:datafield><marcx:datafield tag="700" ind1="0" ind2="0"><marcx:subfield code="a">Kamen</marcx:subfield><marcx:subfield code="h">Michael</marcx:subfield></marcx:datafield><marcx:datafield tag="710" ind1="0" ind2="0"><marcx:subfield code="a">San Franciscos Symfoniorkester</marcx:subfield></marcx:datafield><marcx:datafield tag="795" ind1="0" ind2="0"><marcx:subfield code="å">11</marcx:subfield><marcx:subfield code="a">The ¤ecstasy of gold</marcx:subfield><marcx:subfield code="i">Ennio Morricone</marcx:subfield><marcx:subfield code="a">The ¤call of the ktulu</marcx:subfield><marcx:subfield code="i">Hetfield/Ulrich/Burton/Mustaine</marcx:subfield><marcx:subfield code="a">Master of puppets</marcx:subfield><marcx:subfield code="i">Hetfield/Ulrich/Burton/Hammett</marcx:subfield><marcx:subfield code="a">Of wolf and man</marcx:subfield><marcx:subfield code="i">Hetfield/Ulrich/Hammett</marcx:subfield><marcx:subfield code="a">The ¤thing that should not be</marcx:subfield><marcx:subfield code="i">Hetfield/Ulrich/Hammett</marcx:subfield><marcx:subfield code="a">Fuel</marcx:subfield><marcx:subfield code="i">Hetfield/Ulrich/Hammett</marcx:subfield><marcx:subfield code="a">The ¤memory remains</marcx:subfield><marcx:subfield code="i">Hetfield/Ulrich</marcx:subfield><marcx:subfield code="a">No leaf clover</marcx:subfield><marcx:subfield code="i">Hetfield/Ulrich</marcx:subfield><marcx:subfield code="a">Hero of the day</marcx:subfield><marcx:subfield code="i">Hetfield/Ulrich/Hammett</marcx:subfield><marcx:subfield code="a">Devil's dance</marcx:subfield><marcx:subfield code="i">Hetfield/Ulrich</marcx:subfield><marcx:subfield code="a">Bleeding me</marcx:subfield><marcx:subfield code="i">Hetfield/Ulrich/Hammett</marcx:subfield><marcx:subfield code="a">Nothing else matters</marcx:subfield><marcx:subfield code="i">Hetfield/Ulrich</marcx:subfield><marcx:subfield code="a">Until it sleeps</marcx:subfield><marcx:subfield code="i">Hetfield/Ulrich</marcx:subfield><marcx:subfield code="a">For whom the bell tolls</marcx:subfield><marcx:subfield code="i">Hetfield/Ulrich/Burton</marcx:subfield><marcx:subfield code="a">Human</marcx:subfield><marcx:subfield code="i">Hetfield/Ulrich</marcx:subfield><marcx:subfield code="a">Wherever I may roam</marcx:subfield><marcx:subfield code="i">Hetfield/Ulrich</marcx:subfield><marcx:subfield code="a">Outlaw torn</marcx:subfield><marcx:subfield code="i">Hetfield/Ulrich</marcx:subfield><marcx:subfield code="a">Sad but true</marcx:subfield><marcx:subfield code="i">Hetfield/Ulrich</marcx:subfield><marcx:subfield code="a">One</marcx:subfield><marcx:subfield code="i">Hetfield/Ulrich</marcx:subfield><marcx:subfield code="a">Enter sandman</marcx:subfield><marcx:subfield code="i">Hetfield/Ulrich/Hammett</marcx:subfield><marcx:subfield code="a">Battery</marcx:subfield><marcx:subfield code="i">Hetfield/Ulrich</marcx:subfield></marcx:datafield><marcx:datafield tag="795" ind1="0" ind2="0"><marcx:subfield code="å">99</marcx:subfield><marcx:subfield code="y">0</marcx:subfield><marcx:subfield code="a">1</marcx:subfield></marcx:datafield><marcx:datafield tag="996" ind1="0" ind2="0"><marcx:subfield code="a">DBC</marcx:subfield></marcx:datafield></marcx:record>