
<marcx:record format="danMARC2" type="Bibliographic" xmlns:marcx="info:lc/xmlns/marcxchange-v1"><marcx:leader>00000n    2200000   4500</marcx:leader><marcx:datafield tag="001" ind1="0" ind2="0"><marcx:subfield code="a">22445596</marcx:subfield><marcx:subfield code="b">191919</marcx:subfield><marcx:subfield code="c">20000515013802</marcx:subfield><marcx:subfield code="d">19990511</marcx:subfield><marcx:subfield code="f">a</marcx:subfield></marcx:datafield><marcx:datafield tag="004" ind1="0" ind2="0"><marcx:subfield code="r">n</marcx:subfield><marcx:subfield code="a">e</marcx:subfield></marcx:datafield><marcx:datafield tag="008" ind1="0" ind2="0"><marcx:subfield code="t">s</marcx:subfield><marcx:subfield code="u">f</marcx:subfield><marcx:subfield code="a">1998</marcx:subfield><marcx:subfield code="b">dk</marcx:subfield><marcx:subfield code="v">0</marcx:subfield></marcx:datafield><marcx:datafield tag="009" ind1="0" ind2="0"><marcx:subfield code="a">s</marcx:subfield><marcx:subfield code="g">xc</marcx:subfield></marcx:datafield><marcx:datafield tag="020" ind1="0" ind2="0"><marcx:subfield code="a">dk</marcx:subfield></marcx:datafield><marcx:datafield tag="021" ind1="0" ind2="0"><marcx:subfield code="d">kr. 147,00</marcx:subfield></marcx:datafield><marcx:datafield tag="032" ind1="0" ind2="0"><marcx:subfield code="a">DMO199921</marcx:subfield><marcx:subfield code="x">SFG199921</marcx:subfield><marcx:subfield code="x">DAT199925</marcx:subfield><marcx:subfield code="x">DAT200021</marcx:subfield></marcx:datafield><marcx:datafield tag="039" ind1="0" ind2="0"><marcx:subfield code="a">eta</marcx:subfield></marcx:datafield><marcx:datafield tag="100" ind1="0" ind2="0"><marcx:subfield code="a">Hock</marcx:subfield><marcx:subfield code="h">Alex</marcx:subfield></marcx:datafield><marcx:datafield tag="245" ind1="0" ind2="0"><marcx:subfield code="a">The ¤golden age of Denmark</marcx:subfield><marcx:subfield code="c">an American pianist performs music by Danish composers of the 19th century</marcx:subfield><marcx:subfield code="e">Alex Hock, klaver</marcx:subfield></marcx:datafield><marcx:datafield tag="260" ind1="0" ind2="0"><marcx:subfield code="a">Kbh.</marcx:subfield><marcx:subfield code="b">Alex Hock</marcx:subfield><marcx:subfield code="c">p 1998</marcx:subfield></marcx:datafield><marcx:datafield tag="300" ind1="0" ind2="0"><marcx:subfield code="n">1 cd</marcx:subfield></marcx:datafield><marcx:datafield tag="512" ind1="0" ind2="0"><marcx:subfield code="&amp;">0</marcx:subfield><marcx:subfield code="a">Indspillet i San Diego, Calif.</marcx:subfield></marcx:datafield><marcx:datafield tag="531" ind1="0" ind2="0"><marcx:subfield code="a">Indhold:</marcx:subfield></marcx:datafield><marcx:datafield tag="538" ind1="0" ind2="0"><marcx:subfield code="f">Alex Hock</marcx:subfield></marcx:datafield><marcx:datafield tag="652" ind1="0" ind2="0"><marcx:subfield code="m">78.531</marcx:subfield></marcx:datafield><marcx:datafield tag="652" ind1="0" ind2="0"><marcx:subfield code="å">11</marcx:subfield><marcx:subfield code="i">78.53</marcx:subfield></marcx:datafield><marcx:datafield tag="652" ind1="0" ind2="0"><marcx:subfield code="å">12</marcx:subfield><marcx:subfield code="i">78.53</marcx:subfield></marcx:datafield><marcx:datafield tag="652" ind1="0" ind2="0"><marcx:subfield code="å">13</marcx:subfield><marcx:subfield code="i">78.53</marcx:subfield><marcx:subfield code="i">78.53</marcx:subfield><marcx:subfield code="i">78.53</marcx:subfield><marcx:subfield code="i">78.53</marcx:subfield></marcx:datafield><marcx:datafield tag="666" ind1="0" ind2="0"><marcx:subfield code="å">11</marcx:subfield><marcx:subfield code="0"/><marcx:subfield code="m">romantik</marcx:subfield><marcx:subfield code="m">nationalromantik</marcx:subfield><marcx:subfield code="n">instrumental</marcx:subfield><marcx:subfield code="n">klaver</marcx:subfield><marcx:subfield code="p">1870-1879</marcx:subfield><marcx:subfield code="l">Danmark</marcx:subfield></marcx:datafield><marcx:datafield tag="666" ind1="0" ind2="0"><marcx:subfield code="å">12</marcx:subfield><marcx:subfield code="0"/><marcx:subfield code="m">romantik</marcx:subfield><marcx:subfield code="m">nationalromantik</marcx:subfield><marcx:subfield code="m">guldalderen</marcx:subfield><marcx:subfield code="n">instrumental</marcx:subfield><marcx:subfield code="n">klaver</marcx:subfield><marcx:subfield code="p">1830-1839</marcx:subfield><marcx:subfield code="p">1850-1859</marcx:subfield><marcx:subfield code="l">Danmark</marcx:subfield></marcx:datafield><marcx:datafield tag="666" ind1="0" ind2="0"><marcx:subfield code="å">13</marcx:subfield><marcx:subfield code="0"/><marcx:subfield code="m">romantik</marcx:subfield><marcx:subfield code="m">nationalromantik</marcx:subfield><marcx:subfield code="m">guldalderen</marcx:subfield><marcx:subfield code="n">instrumental</marcx:subfield><marcx:subfield code="n">klaver</marcx:subfield><marcx:subfield code="p">1830-1839</marcx:subfield><marcx:subfield code="l">Danmark</marcx:subfield></marcx:datafield><marcx:datafield tag="770" ind1="0" ind2="0"><marcx:subfield code="å">11</marcx:subfield><marcx:subfield code="a">Winding</marcx:subfield><marcx:subfield code="h">August</marcx:subfield></marcx:datafield><marcx:datafield tag="770" ind1="0" ind2="0"><marcx:subfield code="å">12</marcx:subfield><marcx:subfield code="a">Gade</marcx:subfield><marcx:subfield code="h">Niels W.</marcx:subfield></marcx:datafield><marcx:datafield tag="770" ind1="0" ind2="0"><marcx:subfield code="å">13</marcx:subfield><marcx:subfield code="a">Løvenskiold</marcx:subfield><marcx:subfield code="h">Herman</marcx:subfield></marcx:datafield><marcx:datafield tag="795" ind1="0" ind2="0"><marcx:subfield code="å">11</marcx:subfield><marcx:subfield code="a">Genrebilleder, opus 15 (uddrag)</marcx:subfield></marcx:datafield><marcx:datafield tag="795" ind1="0" ind2="0"><marcx:subfield code="å">12</marcx:subfield><marcx:subfield code="a">Sonate for klaver, e-mol, opus 28</marcx:subfield></marcx:datafield><marcx:datafield tag="795" ind1="0" ind2="0"><marcx:subfield code="å">13</marcx:subfield><marcx:subfield code="a">Salute all'Italia, opus 17:1</marcx:subfield><marcx:subfield code="a">Barcarola notturna, opus 17:2</marcx:subfield><marcx:subfield code="a">Liebesglück, opus 31:1</marcx:subfield><marcx:subfield code="a">Aufregung, opus 12:5</marcx:subfield></marcx:datafield><marcx:datafield tag="990" ind1="0" ind2="0"><marcx:subfield code="a">SFG</marcx:subfield><marcx:subfield code="c">C</marcx:subfield><marcx:subfield code="o">199921</marcx:subfield><marcx:subfield code="t">11.06.99</marcx:subfield></marcx:datafield><marcx:datafield tag="996" ind1="0" ind2="0"><marcx:subfield code="a">DBC</marcx:subfield></marcx:datafield></marcx:record>