
<record xsi:schemaLocation="http://www.loc.gov/standards/iso25577/marcxchange-1-1.xsd" xmlns="info:lc/xmlns/marcxchange-v1" xmlns:xsi="http://www.w3.org/2001/XMLSchema-instance"><leader>00000n    2200000   4500</leader><datafield tag="001" ind1="0" ind2="0"><subfield code="a">45706354</subfield><subfield code="b">191919</subfield><subfield code="c">20150827141520</subfield><subfield code="d">20150827</subfield><subfield code="f">a</subfield></datafield><datafield tag="002" ind1="0" ind2="0"><subfield code="b">754000</subfield><subfield code="c">91733048</subfield><subfield code="x">75400091733048</subfield></datafield><datafield tag="004" ind1="0" ind2="0"><subfield code="r">c</subfield><subfield code="a">e</subfield></datafield><datafield tag="008" ind1="0" ind2="0"><subfield code="t">m</subfield><subfield code="a">2015</subfield><subfield code="b">dk</subfield><subfield code="d">y</subfield><subfield code="l">dan</subfield><subfield code="x">06</subfield><subfield code="v">4</subfield></datafield><datafield tag="009" ind1="0" ind2="0"><subfield code="a">r</subfield><subfield code="g">xc</subfield></datafield><datafield tag="021" ind1="0" ind2="0"><subfield code="e">9788799840410</subfield></datafield><datafield tag="100" ind1="0" ind2="0"><subfield code="a">Forfattergruppen Alssund</subfield><subfield code="4">aut</subfield></datafield><datafield tag="245" ind1="0" ind2="0"><subfield code="a">Alssund med andre øjne</subfield><subfield code="c">antologi</subfield></datafield><datafield tag="260" ind1="0" ind2="0"><subfield code="a">Sønderborg</subfield><subfield code="b">Biblioteket Sønderborg</subfield><subfield code="c">2015</subfield></datafield><datafield tag="300" ind1="0" ind2="0"><subfield code="a">1 cd</subfield></datafield><datafield tag="504" ind1="0" ind2="0"><subfield code="a">En antologi af Forfattergruppen Alssund</subfield></datafield><datafield tag="520" ind1="0" ind2="0"><subfield code="a">Gengivelse af bogen</subfield></datafield><datafield tag="652" ind1="0" ind2="0"><subfield code="m">sk</subfield></datafield><datafield tag="652" ind1="0" ind2="0"><subfield code="p">86.78</subfield></datafield><datafield tag="700" ind1="0" ind2="0"><subfield code="a">Skrubbeltrang</subfield><subfield code="h">Bettina</subfield><subfield code="4">dkmed</subfield></datafield><datafield tag="700" ind1="0" ind2="0"><subfield code="a">Haarløv</subfield><subfield code="h">Hans-Thyge</subfield><subfield code="4">dkmed</subfield></datafield><datafield tag="700" ind1="0" ind2="0"><subfield code="a">Nissen</subfield><subfield code="h">Kaj</subfield><subfield code="4">dkmed</subfield></datafield><datafield tag="700" ind1="0" ind2="0"><subfield code="a">Karup</subfield><subfield code="h">Hans</subfield><subfield code="4">dkmed</subfield></datafield><datafield tag="700" ind1="0" ind2="0"><subfield code="a">Lassen</subfield><subfield code="h">Linda</subfield><subfield code="4">dkmed</subfield></datafield><datafield tag="700" ind1="0" ind2="0"><subfield code="a">Skov</subfield><subfield code="h">Karsten</subfield><subfield code="4">dkmed</subfield></datafield><datafield tag="700" ind1="0" ind2="0"><subfield code="a">Petersen</subfield><subfield code="h">Tabea</subfield><subfield code="4">dkmed</subfield></datafield><datafield tag="700" ind1="0" ind2="0"><subfield code="a">Kranz</subfield><subfield code="h">Thorsten</subfield><subfield code="4">dkmed</subfield></datafield><datafield tag="700" ind1="0" ind2="0"><subfield code="å">1</subfield><subfield code="a">Løwe Christiansen</subfield><subfield code="h">Bente</subfield><subfield code="4">dkmed</subfield></datafield><datafield tag="720" ind1="0" ind2="0"><subfield code="a">Germann</subfield><subfield code="h">Dorsi Doï</subfield><subfield code="4">ill</subfield></datafield><datafield tag="900" ind1="0" ind2="0"><subfield code="a">Christiansen</subfield><subfield code="h">Bente Løwe</subfield><subfield code="x">se</subfield><subfield code="z">700/1</subfield></datafield><datafield tag="996" ind1="0" ind2="0"><subfield code="a">754000</subfield></datafield></record>