
<marcx:record format="danMARC2" type="Bibliographic" xmlns:marcx="info:lc/xmlns/marcxchange-v1"><marcx:leader>00000n    2200000   4500</marcx:leader><marcx:datafield tag="001" ind1="0" ind2="0"><marcx:subfield code="a">41977159</marcx:subfield><marcx:subfield code="b">191919</marcx:subfield><marcx:subfield code="c">20040519171412</marcx:subfield><marcx:subfield code="d">19990510</marcx:subfield><marcx:subfield code="f">a</marcx:subfield></marcx:datafield><marcx:datafield tag="002" ind1="0" ind2="0"><marcx:subfield code="b">736900</marcx:subfield><marcx:subfield code="c">90319434</marcx:subfield><marcx:subfield code="x">73690090319434</marcx:subfield></marcx:datafield><marcx:datafield tag="004" ind1="0" ind2="0"><marcx:subfield code="r">n</marcx:subfield><marcx:subfield code="a">e</marcx:subfield></marcx:datafield><marcx:datafield tag="008" ind1="0" ind2="0"><marcx:subfield code="t">s</marcx:subfield><marcx:subfield code="v">4</marcx:subfield></marcx:datafield><marcx:datafield tag="009" ind1="0" ind2="0"><marcx:subfield code="a">s</marcx:subfield><marcx:subfield code="g">xh</marcx:subfield></marcx:datafield><marcx:datafield tag="039" ind1="0" ind2="0"><marcx:subfield code="a">mub</marcx:subfield></marcx:datafield><marcx:datafield tag="245" ind1="0" ind2="0"><marcx:subfield code="a">Counting songs</marcx:subfield></marcx:datafield><marcx:datafield tag="260" ind1="0" ind2="0"><marcx:subfield code="b">Funtime Favourite</marcx:subfield></marcx:datafield><marcx:datafield tag="531" ind1="0" ind2="0"><marcx:subfield code="a">Indhold:</marcx:subfield></marcx:datafield><marcx:datafield tag="538" ind1="0" ind2="0"><marcx:subfield code="f">Funtime Favourite</marcx:subfield><marcx:subfield code="g">FT 102</marcx:subfield></marcx:datafield><marcx:datafield tag="652" ind1="0" ind2="0"><marcx:subfield code="m">78.69</marcx:subfield></marcx:datafield><marcx:datafield tag="666" ind1="0" ind2="0"><marcx:subfield code="m">børnemusik</marcx:subfield><marcx:subfield code="m">børnesange</marcx:subfield><marcx:subfield code="n">vokal</marcx:subfield><marcx:subfield code="n">vokal</marcx:subfield><marcx:subfield code="l">England</marcx:subfield></marcx:datafield><marcx:datafield tag="795" ind1="0" ind2="0"><marcx:subfield code="å">11</marcx:subfield><marcx:subfield code="a">1 2 3 counting song</marcx:subfield><marcx:subfield code="a">One little pussy cat</marcx:subfield><marcx:subfield code="a">Three blind mice</marcx:subfield><marcx:subfield code="a">One two buckle my shoe</marcx:subfield><marcx:subfield code="a">Five fat sausages</marcx:subfield><marcx:subfield code="a">One two three four five</marcx:subfield><marcx:subfield code="a">4 5 6 counting song</marcx:subfield><marcx:subfield code="a">Five little monkeys</marcx:subfield><marcx:subfield code="a">7 8 9 song</marcx:subfield><marcx:subfield code="a">Ten little pussy cats</marcx:subfield><marcx:subfield code="a">Ten green bottles</marcx:subfield></marcx:datafield><marcx:datafield tag="795" ind1="0" ind2="0"><marcx:subfield code="å">40</marcx:subfield><marcx:subfield code="y">0</marcx:subfield><marcx:subfield code="a">One two three counting song</marcx:subfield><marcx:subfield code="a">Four five six counting song</marcx:subfield><marcx:subfield code="a">Seven eight nine song</marcx:subfield></marcx:datafield><marcx:datafield tag="996" ind1="0" ind2="0"><marcx:subfield code="a">736900</marcx:subfield></marcx:datafield></marcx:record>