
<marcx:record format="danMARC2" type="Bibliographic" xmlns:marcx="info:lc/xmlns/marcxchange-v1"><marcx:leader>00000n    2200000   4500</marcx:leader><marcx:datafield tag="001" ind1="0" ind2="0"><marcx:subfield code="a">22444166</marcx:subfield><marcx:subfield code="b">191919</marcx:subfield><marcx:subfield code="c">20000221152917</marcx:subfield><marcx:subfield code="d">19990510</marcx:subfield><marcx:subfield code="f">a</marcx:subfield></marcx:datafield><marcx:datafield tag="004" ind1="0" ind2="0"><marcx:subfield code="r">n</marcx:subfield><marcx:subfield code="a">e</marcx:subfield></marcx:datafield><marcx:datafield tag="008" ind1="0" ind2="0"><marcx:subfield code="t">m</marcx:subfield><marcx:subfield code="u">f</marcx:subfield><marcx:subfield code="a">1999</marcx:subfield><marcx:subfield code="b">dk</marcx:subfield><marcx:subfield code="d">å</marcx:subfield><marcx:subfield code="l">dan</marcx:subfield><marcx:subfield code="v">0</marcx:subfield></marcx:datafield><marcx:datafield tag="009" ind1="0" ind2="0"><marcx:subfield code="a">a</marcx:subfield><marcx:subfield code="g">xx</marcx:subfield></marcx:datafield><marcx:datafield tag="021" ind1="0" ind2="0"><marcx:subfield code="a">87-7848-432-4</marcx:subfield><marcx:subfield code="c">hf.</marcx:subfield><marcx:subfield code="d">kr. 122,50</marcx:subfield><marcx:subfield code="n">6103</marcx:subfield></marcx:datafield><marcx:datafield tag="032" ind1="0" ind2="0"><marcx:subfield code="a">DBF199922</marcx:subfield><marcx:subfield code="x">DAT200008</marcx:subfield></marcx:datafield><marcx:datafield tag="245" ind1="0" ind2="0"><marcx:subfield code="a">Servicetjek på ældreområdet</marcx:subfield><marcx:subfield code="e">redigeret og udarbejdet af Økonomisk Sekretariat</marcx:subfield><marcx:subfield code="e">Kim Dyrhauge</marcx:subfield><marcx:subfield code="e">Konsulentvirksomhed for Økonomi og ledelse</marcx:subfield><marcx:subfield code="e">Hanne Zeltner</marcx:subfield><marcx:subfield code="e">Kontoret for Social- og Arbejdsmarkedsforhold</marcx:subfield><marcx:subfield code="e">Kurt Hjortsø Kristensen</marcx:subfield></marcx:datafield><marcx:datafield tag="250" ind1="0" ind2="0"><marcx:subfield code="a">1. udgave</marcx:subfield><marcx:subfield code="b">÷</marcx:subfield><marcx:subfield code="x">1. oplag</marcx:subfield></marcx:datafield><marcx:datafield tag="260" ind1="0" ind2="0"><marcx:subfield code="a">Kbh.</marcx:subfield><marcx:subfield code="b">Kommunernes Landsforening</marcx:subfield><marcx:subfield code="c">1999</marcx:subfield><marcx:subfield code="k">Quikly Tryk, Rødovre</marcx:subfield></marcx:datafield><marcx:datafield tag="300" ind1="0" ind2="0"><marcx:subfield code="a">34 sider</marcx:subfield><marcx:subfield code="b">ill.</marcx:subfield></marcx:datafield><marcx:datafield tag="652" ind1="0" ind2="0"><marcx:subfield code="m">38.6</marcx:subfield></marcx:datafield><marcx:datafield tag="700" ind1="0" ind2="0"><marcx:subfield code="0"/><marcx:subfield code="a">Dyrhauge</marcx:subfield><marcx:subfield code="h">Kim</marcx:subfield></marcx:datafield><marcx:datafield tag="700" ind1="0" ind2="0"><marcx:subfield code="0"/><marcx:subfield code="a">Zeltner</marcx:subfield><marcx:subfield code="h">Hanne</marcx:subfield></marcx:datafield><marcx:datafield tag="700" ind1="0" ind2="0"><marcx:subfield code="0"/><marcx:subfield code="å">1</marcx:subfield><marcx:subfield code="a">Hjortsø</marcx:subfield><marcx:subfield code="h">Kurt</marcx:subfield></marcx:datafield><marcx:datafield tag="710" ind1="0" ind2="0"><marcx:subfield code="å">1</marcx:subfield><marcx:subfield code="a">Kommunernes Landsforening</marcx:subfield><marcx:subfield code="c">Konsulentvirksomheden for Økonomi og Ledelse</marcx:subfield></marcx:datafield><marcx:datafield tag="710" ind1="0" ind2="0"><marcx:subfield code="a">Kommunernes Landsforening</marcx:subfield><marcx:subfield code="c">Kontoret for Social- og Arbejdsmarkedsforhold</marcx:subfield></marcx:datafield><marcx:datafield tag="710" ind1="0" ind2="0"><marcx:subfield code="a">Kommunernes Landsforening</marcx:subfield><marcx:subfield code="c">Økonomisk Sekretariat</marcx:subfield></marcx:datafield><marcx:datafield tag="900" ind1="0" ind2="0"><marcx:subfield code="0"/><marcx:subfield code="a">Hjortsø Kristensen</marcx:subfield><marcx:subfield code="h">Kurt</marcx:subfield><marcx:subfield code="z">700/1</marcx:subfield></marcx:datafield><marcx:datafield tag="900" ind1="0" ind2="0"><marcx:subfield code="0"/><marcx:subfield code="a">Kristensen</marcx:subfield><marcx:subfield code="h">Kurt Hjortsø</marcx:subfield><marcx:subfield code="z">700/1</marcx:subfield></marcx:datafield><marcx:datafield tag="910" ind1="0" ind2="0"><marcx:subfield code="å">1</marcx:subfield><marcx:subfield code="a">Kommunernes Landsforening</marcx:subfield><marcx:subfield code="c">Konsulentvirksomheden</marcx:subfield><marcx:subfield code="c">Konsulentvirksomheden for Økonomi og Ledelse</marcx:subfield><marcx:subfield code="z">710/1</marcx:subfield></marcx:datafield><marcx:datafield tag="910" ind1="0" ind2="0"><marcx:subfield code="a">Konsulentvirksomheden for Økonomi og Ledelse, Kommunernes Landsforening</marcx:subfield><marcx:subfield code="z">710/1</marcx:subfield></marcx:datafield><marcx:datafield tag="910" ind1="0" ind2="0"><marcx:subfield code="a">Konsulentvirksomheden, Kommunernes Landsforening</marcx:subfield><marcx:subfield code="z">910/1(a,c1)</marcx:subfield></marcx:datafield><marcx:datafield tag="910" ind1="0" ind2="0"><marcx:subfield code="a">KLK</marcx:subfield><marcx:subfield code="z">910/1(a,c1)</marcx:subfield></marcx:datafield><marcx:datafield tag="910" ind1="0" ind2="0"><marcx:subfield code="a">KL</marcx:subfield><marcx:subfield code="z">710/1(a)</marcx:subfield></marcx:datafield><marcx:datafield tag="996" ind1="0" ind2="0"><marcx:subfield code="a">DBC</marcx:subfield></marcx:datafield></marcx:record>