
<marcx:record format="danMARC2" type="Bibliographic" xmlns:marcx="info:lc/xmlns/marcxchange-v1"><marcx:leader>00000n    2200000   4500</marcx:leader><marcx:datafield tag="001" ind1="0" ind2="0"><marcx:subfield code="a">22445715</marcx:subfield><marcx:subfield code="b">191919</marcx:subfield><marcx:subfield code="c">19991118083341</marcx:subfield><marcx:subfield code="d">19990511</marcx:subfield><marcx:subfield code="f">a</marcx:subfield></marcx:datafield><marcx:datafield tag="004" ind1="0" ind2="0"><marcx:subfield code="r">n</marcx:subfield><marcx:subfield code="a">e</marcx:subfield></marcx:datafield><marcx:datafield tag="008" ind1="0" ind2="0"><marcx:subfield code="t">m</marcx:subfield><marcx:subfield code="u">r</marcx:subfield><marcx:subfield code="a">199?</marcx:subfield><marcx:subfield code="z">1999</marcx:subfield><marcx:subfield code="b">dk</marcx:subfield><marcx:subfield code="l">dan</marcx:subfield><marcx:subfield code="v">0</marcx:subfield></marcx:datafield><marcx:datafield tag="009" ind1="0" ind2="0"><marcx:subfield code="a">a</marcx:subfield><marcx:subfield code="g">xx</marcx:subfield></marcx:datafield><marcx:datafield tag="011" ind1="0" ind2="0"><marcx:subfield code="a">21803316</marcx:subfield></marcx:datafield><marcx:datafield tag="021" ind1="0" ind2="0"><marcx:subfield code="a">87-90632-04-4</marcx:subfield><marcx:subfield code="c">hf.</marcx:subfield><marcx:subfield code="d">kr. 39,00</marcx:subfield></marcx:datafield><marcx:datafield tag="032" ind1="0" ind2="0"><marcx:subfield code="a">DBF199922</marcx:subfield><marcx:subfield code="x">DAT199947</marcx:subfield></marcx:datafield><marcx:datafield tag="100" ind1="0" ind2="0"><marcx:subfield code="0"/><marcx:subfield code="a">Uhrskov</marcx:subfield><marcx:subfield code="h">Frede</marcx:subfield></marcx:datafield><marcx:datafield tag="245" ind1="0" ind2="0"><marcx:subfield code="a">AutoCAD 14</marcx:subfield><marcx:subfield code="c">grundbog</marcx:subfield><marcx:subfield code="e">Frede Uhrskov</marcx:subfield><marcx:subfield code="y">Øvelser til bygningstegning</marcx:subfield></marcx:datafield><marcx:datafield tag="250" ind1="0" ind2="0"><marcx:subfield code="a">1. udgave</marcx:subfield><marcx:subfield code="b">÷</marcx:subfield><marcx:subfield code="x">2. oplag</marcx:subfield></marcx:datafield><marcx:datafield tag="260" ind1="0" ind2="0"><marcx:subfield code="&amp;">1</marcx:subfield><marcx:subfield code="a">[Holsted]</marcx:subfield><marcx:subfield code="b">[FU-Data]</marcx:subfield><marcx:subfield code="f">[Kbh.]</marcx:subfield><marcx:subfield code="g">[eksp. DBK]</marcx:subfield><marcx:subfield code="c">1999</marcx:subfield><marcx:subfield code="k">eget</marcx:subfield></marcx:datafield><marcx:datafield tag="300" ind1="0" ind2="0"><marcx:subfield code="a">76 sider</marcx:subfield><marcx:subfield code="b">ill.</marcx:subfield><marcx:subfield code="c">30 cm</marcx:subfield></marcx:datafield><marcx:datafield tag="512" ind1="0" ind2="0"><marcx:subfield code="i">Med titel</marcx:subfield><marcx:subfield code="t">AutoCAD R14</marcx:subfield></marcx:datafield><marcx:datafield tag="521" ind1="0" ind2="0"><marcx:subfield code="a">[1. oplag]</marcx:subfield><marcx:subfield code="c">199-?</marcx:subfield></marcx:datafield><marcx:datafield tag="521" ind1="0" ind2="0"><marcx:subfield code="b">2. oplag</marcx:subfield><marcx:subfield code="c">1999</marcx:subfield></marcx:datafield><marcx:datafield tag="652" ind1="0" ind2="0"><marcx:subfield code="m">74.909</marcx:subfield></marcx:datafield><marcx:datafield tag="745" ind1="0" ind2="0"><marcx:subfield code="a">AutoCAD R14</marcx:subfield></marcx:datafield><marcx:datafield tag="996" ind1="0" ind2="0"><marcx:subfield code="a">DBC</marcx:subfield></marcx:datafield></marcx:record>