
<marcx:record format="danMARC2" type="Bibliographic" xmlns:marcx="info:lc/xmlns/marcxchange-v1"><marcx:leader>00000n    2200000   4500</marcx:leader><marcx:datafield tag="001" ind1="0" ind2="0"><marcx:subfield code="a">42012459</marcx:subfield><marcx:subfield code="b">191919</marcx:subfield><marcx:subfield code="c">19990722155211</marcx:subfield><marcx:subfield code="d">19981127</marcx:subfield><marcx:subfield code="f">a</marcx:subfield><marcx:subfield code="o">c</marcx:subfield></marcx:datafield><marcx:datafield tag="002" ind1="0" ind2="0"><marcx:subfield code="b">710100</marcx:subfield><marcx:subfield code="c">90696157</marcx:subfield><marcx:subfield code="x">71010090696157</marcx:subfield></marcx:datafield><marcx:datafield tag="004" ind1="0" ind2="0"><marcx:subfield code="r">n</marcx:subfield><marcx:subfield code="a">e</marcx:subfield></marcx:datafield><marcx:datafield tag="008" ind1="0" ind2="0"><marcx:subfield code="t">m</marcx:subfield><marcx:subfield code="u">f</marcx:subfield><marcx:subfield code="a">1875</marcx:subfield><marcx:subfield code="b">dk</marcx:subfield><marcx:subfield code="j">f</marcx:subfield><marcx:subfield code="l">mul</marcx:subfield><marcx:subfield code="v">0</marcx:subfield></marcx:datafield><marcx:datafield tag="009" ind1="0" ind2="0"><marcx:subfield code="a">a</marcx:subfield><marcx:subfield code="g">xx</marcx:subfield></marcx:datafield><marcx:datafield tag="041" ind1="0" ind2="0"><marcx:subfield code="p">dan</marcx:subfield><marcx:subfield code="p">swe</marcx:subfield><marcx:subfield code="p">ice</marcx:subfield><marcx:subfield code="p">ger</marcx:subfield><marcx:subfield code="p">dut</marcx:subfield><marcx:subfield code="p">eng</marcx:subfield><marcx:subfield code="p">fre</marcx:subfield><marcx:subfield code="p">spa</marcx:subfield><marcx:subfield code="p">gre</marcx:subfield><marcx:subfield code="p">rus</marcx:subfield><marcx:subfield code="p">pol</marcx:subfield><marcx:subfield code="p">cze</marcx:subfield><marcx:subfield code="p">hun</marcx:subfield><marcx:subfield code="p">fin</marcx:subfield></marcx:datafield><marcx:datafield tag="100" ind1="0" ind2="0"><marcx:subfield code="a">Andersen</marcx:subfield><marcx:subfield code="h">H. C.</marcx:subfield><marcx:subfield code="c">f. 1805</marcx:subfield></marcx:datafield><marcx:datafield tag="245" ind1="0" ind2="0"><marcx:subfield code="a">Historien om en Moder</marcx:subfield><marcx:subfield code="b">i femten sprog</marcx:subfield><marcx:subfield code="e">H.C. Andersen</marcx:subfield><marcx:subfield code="e">udgiven af Jean Pio og Vilh. Thomsen</marcx:subfield></marcx:datafield><marcx:datafield tag="260" ind1="0" ind2="0"><marcx:subfield code="a">Kbh.</marcx:subfield><marcx:subfield code="b">Reitzel</marcx:subfield><marcx:subfield code="c">1875</marcx:subfield></marcx:datafield><marcx:datafield tag="300" ind1="0" ind2="0"><marcx:subfield code="a">98 sider</marcx:subfield></marcx:datafield><marcx:datafield tag="504" ind1="0" ind2="0"><marcx:subfield code="a">Gennem en moders kamp for sit døende barn skildres moderkærligheden</marcx:subfield></marcx:datafield><marcx:datafield tag="508" ind1="0" ind2="0"><marcx:subfield code="a">Dansk, svensk, islandsk, tysk, plattysk, hollandsk, engelsk, fransk, spansk, nygræsk, russisk, polsk, tjekkisk, ungarnsk og finsk tekst</marcx:subfield></marcx:datafield><marcx:datafield tag="532" ind1="0" ind2="0"><marcx:subfield code="a">Bibliographical Notes: side 95-98</marcx:subfield></marcx:datafield><marcx:datafield tag="652" ind1="0" ind2="0"><marcx:subfield code="m">sk</marcx:subfield></marcx:datafield><marcx:datafield tag="652" ind1="0" ind2="0"><marcx:subfield code="p">86.9</marcx:subfield></marcx:datafield><marcx:datafield tag="700" ind1="0" ind2="0"><marcx:subfield code="a">Pio</marcx:subfield><marcx:subfield code="h">Jean</marcx:subfield></marcx:datafield><marcx:datafield tag="700" ind1="0" ind2="0"><marcx:subfield code="a">Thomsen</marcx:subfield><marcx:subfield code="h">Vilhelm</marcx:subfield><marcx:subfield code="c">f. 1842</marcx:subfield></marcx:datafield><marcx:datafield tag="996" ind1="0" ind2="0"><marcx:subfield code="a">710100</marcx:subfield></marcx:datafield></marcx:record>