
<marcx:record format="danMARC2" type="Bibliographic" xmlns:marcx="info:lc/xmlns/marcxchange-v1"><marcx:leader>00000n    2200000   4500</marcx:leader><marcx:datafield tag="001" ind1="0" ind2="0"><marcx:subfield code="a">23689480</marcx:subfield><marcx:subfield code="b">191919</marcx:subfield><marcx:subfield code="c">20011012083159</marcx:subfield><marcx:subfield code="d">20010925</marcx:subfield><marcx:subfield code="f">a</marcx:subfield></marcx:datafield><marcx:datafield tag="004" ind1="0" ind2="0"><marcx:subfield code="r">n</marcx:subfield><marcx:subfield code="a">e</marcx:subfield></marcx:datafield><marcx:datafield tag="005" ind1="0" ind2="0"><marcx:subfield code="h">e</marcx:subfield></marcx:datafield><marcx:datafield tag="008" ind1="0" ind2="0"><marcx:subfield code="t">s</marcx:subfield><marcx:subfield code="u">f</marcx:subfield><marcx:subfield code="a">1996</marcx:subfield><marcx:subfield code="b">us</marcx:subfield><marcx:subfield code="l">eng</marcx:subfield><marcx:subfield code="v">0</marcx:subfield></marcx:datafield><marcx:datafield tag="009" ind1="0" ind2="0"><marcx:subfield code="a">s</marcx:subfield><marcx:subfield code="g">xk</marcx:subfield></marcx:datafield><marcx:datafield tag="020" ind1="0" ind2="0"><marcx:subfield code="a">dk</marcx:subfield></marcx:datafield><marcx:datafield tag="021" ind1="0" ind2="0"><marcx:subfield code="d">kr. 259,00</marcx:subfield></marcx:datafield><marcx:datafield tag="023" ind1="0" ind2="0"><marcx:subfield code="a">0731453261815</marcx:subfield></marcx:datafield><marcx:datafield tag="032" ind1="0" ind2="0"><marcx:subfield code="a">DMO200142</marcx:subfield></marcx:datafield><marcx:datafield tag="039" ind1="0" ind2="0"><marcx:subfield code="a">bef</marcx:subfield></marcx:datafield><marcx:datafield tag="110" ind1="0" ind2="0"><marcx:subfield code="a">Metallica</marcx:subfield></marcx:datafield><marcx:datafield tag="245" ind1="0" ind2="0"><marcx:subfield code="a">Load</marcx:subfield><marcx:subfield code="j">Metallica (James Hetfield, Lars Ulrich, Kirk Hammett, Jason Newsted)</marcx:subfield><marcx:subfield code="i">Metallica (James Hetfield: guitars, vocals ; Lars Ulrich: drums ; Kirk Hammett: guitars ; Jason Newsted: bass)</marcx:subfield><marcx:subfield code="i">produced by Bob Rock with Hetfield &amp; Ulrich</marcx:subfield><marcx:subfield code="i">recorded, mixed by Randy Staub</marcx:subfield><marcx:subfield code="i">engineered by Brian Dobbs</marcx:subfield></marcx:datafield><marcx:datafield tag="260" ind1="0" ind2="0"><marcx:subfield code="a">[S.l.]</marcx:subfield><marcx:subfield code="b">Vertigo</marcx:subfield><marcx:subfield code="c">p 1996</marcx:subfield></marcx:datafield><marcx:datafield tag="300" ind1="0" ind2="0"><marcx:subfield code="n">2 grammofonplader</marcx:subfield><marcx:subfield code="c">30 cm</marcx:subfield></marcx:datafield><marcx:datafield tag="512" ind1="0" ind2="0"><marcx:subfield code="a">Tekster på omslag</marcx:subfield></marcx:datafield><marcx:datafield tag="512" ind1="0" ind2="0"><marcx:subfield code="a">Indspillet i Sausalito, Californien, maj 1995-februar 1996</marcx:subfield></marcx:datafield><marcx:datafield tag="531" ind1="0" ind2="0"><marcx:subfield code="a">Indhold:</marcx:subfield></marcx:datafield><marcx:datafield tag="538" ind1="0" ind2="0"><marcx:subfield code="f">Vertigo</marcx:subfield><marcx:subfield code="g">532618-1</marcx:subfield></marcx:datafield><marcx:datafield tag="652" ind1="0" ind2="0"><marcx:subfield code="m">78.794</marcx:subfield><marcx:subfield code="v">5</marcx:subfield></marcx:datafield><marcx:datafield tag="700" ind1="0" ind2="0"><marcx:subfield code="a">Hetfield</marcx:subfield><marcx:subfield code="h">James</marcx:subfield></marcx:datafield><marcx:datafield tag="700" ind1="0" ind2="0"><marcx:subfield code="a">Ulrich</marcx:subfield><marcx:subfield code="h">Lars</marcx:subfield></marcx:datafield><marcx:datafield tag="700" ind1="0" ind2="0"><marcx:subfield code="a">Hammett</marcx:subfield><marcx:subfield code="h">Kirk</marcx:subfield></marcx:datafield><marcx:datafield tag="700" ind1="0" ind2="0"><marcx:subfield code="a">Newsted</marcx:subfield><marcx:subfield code="h">Jason</marcx:subfield></marcx:datafield><marcx:datafield tag="795" ind1="0" ind2="0"><marcx:subfield code="å">11</marcx:subfield><marcx:subfield code="a">Ain't my bitch</marcx:subfield><marcx:subfield code="i">Hetfield, Ulrich</marcx:subfield><marcx:subfield code="a">2 x 4</marcx:subfield><marcx:subfield code="i">Hetfield, Ulrich, Hammett</marcx:subfield><marcx:subfield code="a">The ¤house Jack built</marcx:subfield><marcx:subfield code="i">Hetfield, Ulrich, Hammett</marcx:subfield><marcx:subfield code="a">Until it sleeps</marcx:subfield><marcx:subfield code="i">Hetfield, Ulrich</marcx:subfield><marcx:subfield code="a">King Nothing</marcx:subfield><marcx:subfield code="i">Hetfield, Ulrich, Hammett</marcx:subfield><marcx:subfield code="a">Hero of the day</marcx:subfield><marcx:subfield code="i">Hetfield, Ulrich, Hammett</marcx:subfield><marcx:subfield code="a">Bleeding me</marcx:subfield><marcx:subfield code="i">Hetfield, Ulrich, Hammett</marcx:subfield><marcx:subfield code="a">Cure</marcx:subfield><marcx:subfield code="i">Hetfield, Ulrich</marcx:subfield><marcx:subfield code="a">Poor twisted me</marcx:subfield><marcx:subfield code="i">Hetfield, Ulrich</marcx:subfield><marcx:subfield code="a">Wasting my hate</marcx:subfield><marcx:subfield code="i">Hetfield, Ulrich, Hammett</marcx:subfield><marcx:subfield code="a">Mama said</marcx:subfield><marcx:subfield code="i">Hetfield, Ulrich</marcx:subfield><marcx:subfield code="a">Thorn within</marcx:subfield><marcx:subfield code="i">Hetfield, Ulrich, Hammett</marcx:subfield><marcx:subfield code="a">Ronnie</marcx:subfield><marcx:subfield code="i">Hetfield, Ulrich</marcx:subfield><marcx:subfield code="a">The ¤outlaw torn</marcx:subfield><marcx:subfield code="i">Hetfield, Ulrich</marcx:subfield></marcx:datafield><marcx:datafield tag="795" ind1="0" ind2="0"><marcx:subfield code="å">99</marcx:subfield><marcx:subfield code="y">0</marcx:subfield><marcx:subfield code="a">Two times four</marcx:subfield></marcx:datafield><marcx:datafield tag="996" ind1="0" ind2="0"><marcx:subfield code="a">DBC</marcx:subfield></marcx:datafield></marcx:record>