
<marcx:record format="danMARC2" type="Bibliographic" xmlns:marcx="info:lc/xmlns/marcxchange-v1"><marcx:leader>00000n    2200000   4500</marcx:leader><marcx:datafield tag="001" ind1="0" ind2="0"><marcx:subfield code="a">22371363</marcx:subfield><marcx:subfield code="b">191919</marcx:subfield><marcx:subfield code="c">20010713093414</marcx:subfield><marcx:subfield code="d">19990216</marcx:subfield><marcx:subfield code="f">a</marcx:subfield></marcx:datafield><marcx:datafield tag="004" ind1="0" ind2="0"><marcx:subfield code="r">n</marcx:subfield><marcx:subfield code="a">e</marcx:subfield></marcx:datafield><marcx:datafield tag="008" ind1="0" ind2="0"><marcx:subfield code="t">s</marcx:subfield><marcx:subfield code="u">f</marcx:subfield><marcx:subfield code="a">1998</marcx:subfield><marcx:subfield code="b">dk</marcx:subfield><marcx:subfield code="v">0</marcx:subfield></marcx:datafield><marcx:datafield tag="009" ind1="0" ind2="0"><marcx:subfield code="a">s</marcx:subfield><marcx:subfield code="g">xc</marcx:subfield></marcx:datafield><marcx:datafield tag="020" ind1="0" ind2="0"><marcx:subfield code="a">dk</marcx:subfield></marcx:datafield><marcx:datafield tag="021" ind1="0" ind2="0"><marcx:subfield code="d">kr. 99,00</marcx:subfield></marcx:datafield><marcx:datafield tag="032" ind1="0" ind2="0"><marcx:subfield code="a">DMO199909</marcx:subfield><marcx:subfield code="x">SFG199909</marcx:subfield><marcx:subfield code="x">DAT200131</marcx:subfield></marcx:datafield><marcx:datafield tag="039" ind1="0" ind2="0"><marcx:subfield code="a">eta</marcx:subfield></marcx:datafield><marcx:datafield tag="100" ind1="0" ind2="0"><marcx:subfield code="a">Olesen</marcx:subfield><marcx:subfield code="h">Kristian</marcx:subfield><marcx:subfield code="c">f. 1952</marcx:subfield></marcx:datafield><marcx:datafield tag="245" ind1="0" ind2="0"><marcx:subfield code="a">The ¤Clausholm organ</marcx:subfield><marcx:subfield code="c">organ music from the 17th century</marcx:subfield><marcx:subfield code="e">Kristian Olesen, orgel</marcx:subfield><marcx:subfield code="i">recording engineer: Clemens Johansen</marcx:subfield><marcx:subfield code="i">producer: Mette Overgꜳrd Gotthardsen</marcx:subfield></marcx:datafield><marcx:datafield tag="260" ind1="0" ind2="0"><marcx:subfield code="a">Frederiksberg</marcx:subfield><marcx:subfield code="b">Classico</marcx:subfield><marcx:subfield code="c">cop. 1998</marcx:subfield></marcx:datafield><marcx:datafield tag="300" ind1="0" ind2="0"><marcx:subfield code="n">1 cd</marcx:subfield></marcx:datafield><marcx:datafield tag="512" ind1="0" ind2="0"><marcx:subfield code="a">Spillet på orglet på Clausholm Slot september 1997</marcx:subfield></marcx:datafield><marcx:datafield tag="531" ind1="0" ind2="0"><marcx:subfield code="a">Indhold:</marcx:subfield></marcx:datafield><marcx:datafield tag="538" ind1="0" ind2="0"><marcx:subfield code="f">Classico</marcx:subfield><marcx:subfield code="g">CLASSCD 268</marcx:subfield></marcx:datafield><marcx:datafield tag="652" ind1="0" ind2="0"><marcx:subfield code="m">78.581</marcx:subfield></marcx:datafield><marcx:datafield tag="652" ind1="0" ind2="0"><marcx:subfield code="å">11</marcx:subfield><marcx:subfield code="i">78.58</marcx:subfield></marcx:datafield><marcx:datafield tag="652" ind1="0" ind2="0"><marcx:subfield code="å">12</marcx:subfield><marcx:subfield code="i">78.58</marcx:subfield><marcx:subfield code="i">78.58</marcx:subfield><marcx:subfield code="i">78.58</marcx:subfield></marcx:datafield><marcx:datafield tag="652" ind1="0" ind2="0"><marcx:subfield code="å">13</marcx:subfield><marcx:subfield code="i">78.58</marcx:subfield><marcx:subfield code="i">78.58</marcx:subfield></marcx:datafield><marcx:datafield tag="652" ind1="0" ind2="0"><marcx:subfield code="å">14</marcx:subfield><marcx:subfield code="i">78.58</marcx:subfield></marcx:datafield><marcx:datafield tag="652" ind1="0" ind2="0"><marcx:subfield code="å">15</marcx:subfield><marcx:subfield code="i">78.58</marcx:subfield><marcx:subfield code="i">78.58</marcx:subfield><marcx:subfield code="i">78.58</marcx:subfield></marcx:datafield><marcx:datafield tag="652" ind1="0" ind2="0"><marcx:subfield code="å">16</marcx:subfield><marcx:subfield code="i">78.58</marcx:subfield></marcx:datafield><marcx:datafield tag="652" ind1="0" ind2="0"><marcx:subfield code="å">17</marcx:subfield><marcx:subfield code="i">78.58</marcx:subfield></marcx:datafield><marcx:datafield tag="652" ind1="0" ind2="0"><marcx:subfield code="å">18</marcx:subfield><marcx:subfield code="i">78.58</marcx:subfield><marcx:subfield code="i">78.58</marcx:subfield><marcx:subfield code="i">78.58</marcx:subfield></marcx:datafield><marcx:datafield tag="666" ind1="0" ind2="0"><marcx:subfield code="0"/><marcx:subfield code="m">renæssance</marcx:subfield><marcx:subfield code="m">barok</marcx:subfield><marcx:subfield code="n">instrumental</marcx:subfield><marcx:subfield code="n">orgel</marcx:subfield><marcx:subfield code="p">1600-1699</marcx:subfield><marcx:subfield code="l">Tyskland</marcx:subfield><marcx:subfield code="l">Holland</marcx:subfield><marcx:subfield code="l">Danmark</marcx:subfield></marcx:datafield><marcx:datafield tag="770" ind1="0" ind2="0"><marcx:subfield code="å">12</marcx:subfield><marcx:subfield code="a">Sweelinck</marcx:subfield><marcx:subfield code="h">Jan Pieterszoon</marcx:subfield></marcx:datafield><marcx:datafield tag="770" ind1="0" ind2="0"><marcx:subfield code="å">13</marcx:subfield><marcx:subfield code="a">Frescobaldi</marcx:subfield><marcx:subfield code="h">Girolamo</marcx:subfield></marcx:datafield><marcx:datafield tag="770" ind1="0" ind2="0"><marcx:subfield code="å">14</marcx:subfield><marcx:subfield code="a">Froberger</marcx:subfield><marcx:subfield code="h">Johann Jakob</marcx:subfield></marcx:datafield><marcx:datafield tag="770" ind1="0" ind2="0"><marcx:subfield code="å">15</marcx:subfield><marcx:subfield code="a">Scheidemann</marcx:subfield><marcx:subfield code="h">Heinrich</marcx:subfield></marcx:datafield><marcx:datafield tag="770" ind1="0" ind2="0"><marcx:subfield code="å">16</marcx:subfield><marcx:subfield code="a">Schildt</marcx:subfield><marcx:subfield code="h">Melchior</marcx:subfield></marcx:datafield><marcx:datafield tag="770" ind1="0" ind2="0"><marcx:subfield code="å">17</marcx:subfield><marcx:subfield code="a">Weckmann</marcx:subfield><marcx:subfield code="h">Matthias</marcx:subfield></marcx:datafield><marcx:datafield tag="770" ind1="0" ind2="0"><marcx:subfield code="å">18</marcx:subfield><marcx:subfield code="a">Buxtehude</marcx:subfield><marcx:subfield code="h">Diderik</marcx:subfield></marcx:datafield><marcx:datafield tag="795" ind1="0" ind2="0"><marcx:subfield code="å">11</marcx:subfield><marcx:subfield code="a">Daphne</marcx:subfield></marcx:datafield><marcx:datafield tag="795" ind1="0" ind2="0"><marcx:subfield code="å">12</marcx:subfield><marcx:subfield code="a">Toccata for orgel, C-dur</marcx:subfield><marcx:subfield code="a">Variationer for orgel over Mein junges Leben hat ein End'</marcx:subfield><marcx:subfield code="a">Fantasi for orgel, g-mol</marcx:subfield></marcx:datafield><marcx:datafield tag="795" ind1="0" ind2="0"><marcx:subfield code="å">13</marcx:subfield><marcx:subfield code="a">Canzona prima for orgel</marcx:subfield><marcx:subfield code="a">Bergamasca</marcx:subfield></marcx:datafield><marcx:datafield tag="795" ind1="0" ind2="0"><marcx:subfield code="å">14</marcx:subfield><marcx:subfield code="a">Fantasia sopra ut re mi fa sol la</marcx:subfield></marcx:datafield><marcx:datafield tag="795" ind1="0" ind2="0"><marcx:subfield code="å">15</marcx:subfield><marcx:subfield code="a">Variationer for orgel over Betrübet ist zu dieser Frist</marcx:subfield><marcx:subfield code="a">Fuga for orgel</marcx:subfield><marcx:subfield code="a">Galliarda ex d</marcx:subfield></marcx:datafield><marcx:datafield tag="795" ind1="0" ind2="0"><marcx:subfield code="å">16</marcx:subfield><marcx:subfield code="a">Variationer for orgel over Paduana lachrymae</marcx:subfield></marcx:datafield><marcx:datafield tag="795" ind1="0" ind2="0"><marcx:subfield code="å">17</marcx:subfield><marcx:subfield code="a">Toccata ex d</marcx:subfield></marcx:datafield><marcx:datafield tag="795" ind1="0" ind2="0"><marcx:subfield code="å">18</marcx:subfield><marcx:subfield code="a">Canzona for orgel, G-dur, BuxWV 170</marcx:subfield><marcx:subfield code="a">Rofilis, BuxWV 248</marcx:subfield><marcx:subfield code="a">Toccata for orgel, G-dur, BuxWV 164</marcx:subfield></marcx:datafield><marcx:datafield tag="900" ind1="0" ind2="0"><marcx:subfield code="a">Pieterszoon Sweelinck</marcx:subfield><marcx:subfield code="h">Jan</marcx:subfield><marcx:subfield code="z">770/12</marcx:subfield></marcx:datafield><marcx:datafield tag="990" ind1="0" ind2="0"><marcx:subfield code="a">SFG</marcx:subfield><marcx:subfield code="c">C</marcx:subfield><marcx:subfield code="o">199909</marcx:subfield><marcx:subfield code="t">19.03.99</marcx:subfield></marcx:datafield><marcx:datafield tag="996" ind1="0" ind2="0"><marcx:subfield code="a">DBC</marcx:subfield></marcx:datafield></marcx:record>