
<record xsi:schemaLocation="http://www.loc.gov/standards/iso25577/marcxchange-1-1.xsd" xmlns="info:lc/xmlns/marcxchange-v1" xmlns:xsi="http://www.w3.org/2001/XMLSchema-instance"><leader>00000n    2200000   4500</leader><datafield tag="001" ind1="0" ind2="0"><subfield code="a">45706419</subfield><subfield code="b">191919</subfield><subfield code="c">20150827141639</subfield><subfield code="d">20150827</subfield><subfield code="f">a</subfield></datafield><datafield tag="002" ind1="0" ind2="0"><subfield code="b">733000</subfield><subfield code="c">90534785</subfield><subfield code="x">73300090534785</subfield></datafield><datafield tag="004" ind1="0" ind2="0"><subfield code="a">e</subfield><subfield code="r">c</subfield></datafield><datafield tag="008" ind1="0" ind2="0"><subfield code="t">m</subfield><subfield code="a">2015</subfield><subfield code="b">us</subfield><subfield code="j">f</subfield><subfield code="l">eng</subfield><subfield code="v">4</subfield></datafield><datafield tag="009" ind1="0" ind2="0"><subfield code="a">a</subfield><subfield code="g">xx</subfield></datafield><datafield tag="021" ind1="0" ind2="0"><subfield code="e">9781250044679</subfield></datafield><datafield tag="100" ind1="0" ind2="0"><subfield code="a">Alameda</subfield><subfield code="h">Courtney</subfield><subfield code="4">aut</subfield></datafield><datafield tag="245" ind1="0" ind2="0"><subfield code="a">Shutter</subfield></datafield><datafield tag="260" ind1="0" ind2="0"><subfield code="a">New York</subfield><subfield code="b">Feiwel and Friends</subfield><subfield code="c">2015</subfield></datafield><datafield tag="300" ind1="0" ind2="0"><subfield code="a">372 sider</subfield></datafield><datafield tag="652" ind1="0" ind2="0"><subfield code="m">83.8</subfield></datafield><datafield tag="666" ind1="0" ind2="0"><subfield code="s">spøgelser</subfield></datafield><datafield tag="666" ind1="0" ind2="0"><subfield code="s">gys</subfield></datafield><datafield tag="666" ind1="0" ind2="0"><subfield code="s">fantasy</subfield></datafield><datafield tag="666" ind1="0" ind2="0"><subfield code="s">horror</subfield></datafield><datafield tag="996" ind1="0" ind2="0"><subfield code="a">733000</subfield></datafield></record>