
<marcx:record format="danMARC2" type="Bibliographic" xmlns:marcx="info:lc/xmlns/marcxchange-v1"><marcx:leader>00000n    2200000   4500</marcx:leader><marcx:datafield tag="001" ind1="0" ind2="0"><marcx:subfield code="a">41980265</marcx:subfield><marcx:subfield code="b">191919</marcx:subfield><marcx:subfield code="c">19990510212836</marcx:subfield><marcx:subfield code="d">19990510</marcx:subfield><marcx:subfield code="f">a</marcx:subfield></marcx:datafield><marcx:datafield tag="002" ind1="0" ind2="0"><marcx:subfield code="b">746100</marcx:subfield><marcx:subfield code="c">90369342</marcx:subfield><marcx:subfield code="x">74610090369342</marcx:subfield></marcx:datafield><marcx:datafield tag="004" ind1="0" ind2="0"><marcx:subfield code="r">n</marcx:subfield><marcx:subfield code="a">e</marcx:subfield></marcx:datafield><marcx:datafield tag="008" ind1="0" ind2="0"><marcx:subfield code="t">m</marcx:subfield><marcx:subfield code="u">f</marcx:subfield><marcx:subfield code="a">1992</marcx:subfield><marcx:subfield code="b">dk</marcx:subfield><marcx:subfield code="l">eng</marcx:subfield><marcx:subfield code="o">b</marcx:subfield><marcx:subfield code="v">0</marcx:subfield></marcx:datafield><marcx:datafield tag="009" ind1="0" ind2="0"><marcx:subfield code="a">m</marcx:subfield><marcx:subfield code="g">nh</marcx:subfield><marcx:subfield code="a">r</marcx:subfield><marcx:subfield code="g">xh</marcx:subfield><marcx:subfield code="a">a</marcx:subfield><marcx:subfield code="g">xx</marcx:subfield></marcx:datafield><marcx:datafield tag="021" ind1="0" ind2="0"><marcx:subfield code="d">gave</marcx:subfield></marcx:datafield><marcx:datafield tag="245" ind1="0" ind2="0"><marcx:subfield code="a">Noget om døvhed</marcx:subfield><marcx:subfield code="e">idé ...: Jens Slotmann</marcx:subfield></marcx:datafield><marcx:datafield tag="260" ind1="0" ind2="0"><marcx:subfield code="a">[Fredericia]</marcx:subfield><marcx:subfield code="b">ITV-Fredericiaskolen</marcx:subfield><marcx:subfield code="c">1992</marcx:subfield></marcx:datafield><marcx:datafield tag="300" ind1="0" ind2="0"><marcx:subfield code="n">1 video</marcx:subfield><marcx:subfield code="l">30 min.</marcx:subfield><marcx:subfield code="n">1 kassettebånd</marcx:subfield><marcx:subfield code="n">1 bog</marcx:subfield><marcx:subfield code="a">29 blade</marcx:subfield><marcx:subfield code="b">ill.</marcx:subfield></marcx:datafield><marcx:datafield tag="512" ind1="0" ind2="0"><marcx:subfield code="a">Video: Produktion: Morten Zierau og Jan Hoedt</marcx:subfield></marcx:datafield><marcx:datafield tag="512" ind1="0" ind2="0"><marcx:subfield code="a">Kassettebånd: Carsten Ellekær Jensen. Fredericia : Fredericiaskolen, Teknisk-Audiologisk afd.</marcx:subfield></marcx:datafield><marcx:datafield tag="512" ind1="0" ind2="0"><marcx:subfield code="a">Bog: Tegninger: Keld Petersen. Kbh. : Bonaventura</marcx:subfield></marcx:datafield><marcx:datafield tag="512" ind1="0" ind2="0"><marcx:subfield code="a">Videoens indhold: Frank - 16 år - hørehæmmet. Døves internationale håndalfabet, tallene fra 1 til 10</marcx:subfield></marcx:datafield><marcx:datafield tag="512" ind1="0" ind2="0"><marcx:subfield code="a">Kassettebåndets indhold: Filtreret tale, hverdagslyde</marcx:subfield></marcx:datafield><marcx:datafield tag="512" ind1="0" ind2="0"><marcx:subfield code="a">Bogens indhold: Om hørelsen, om døvhed, om hjælpemidler m.m. Litteratur: side 28</marcx:subfield></marcx:datafield><marcx:datafield tag="652" ind1="0" ind2="0"><marcx:subfield code="m">38.73</marcx:subfield></marcx:datafield><marcx:datafield tag="700" ind1="0" ind2="0"><marcx:subfield code="a">Slotmann</marcx:subfield><marcx:subfield code="h">Jens</marcx:subfield></marcx:datafield><marcx:datafield tag="700" ind1="0" ind2="0"><marcx:subfield code="a">Zierau</marcx:subfield><marcx:subfield code="h">Morten</marcx:subfield></marcx:datafield><marcx:datafield tag="700" ind1="0" ind2="0"><marcx:subfield code="a">Hoedt</marcx:subfield><marcx:subfield code="h">Jan</marcx:subfield></marcx:datafield><marcx:datafield tag="700" ind1="0" ind2="0"><marcx:subfield code="å">4</marcx:subfield><marcx:subfield code="a">Ellekær Jensen</marcx:subfield><marcx:subfield code="h">Carsten</marcx:subfield></marcx:datafield><marcx:datafield tag="900" ind1="0" ind2="0"><marcx:subfield code="a">Jensen</marcx:subfield><marcx:subfield code="h">Carsten Ellekær</marcx:subfield><marcx:subfield code="z">700/4</marcx:subfield></marcx:datafield><marcx:datafield tag="996" ind1="0" ind2="0"><marcx:subfield code="a">746100</marcx:subfield></marcx:datafield></marcx:record>