
<record xsi:schemaLocation="http://www.loc.gov/standards/iso25577/marcxchange-1-1.xsd" xmlns="info:lc/xmlns/marcxchange-v1" xmlns:xsi="http://www.w3.org/2001/XMLSchema-instance"><leader>00000n    2200000   4500</leader><datafield tag="001" ind1="0" ind2="0"><subfield code="a">45706435</subfield><subfield code="b">191919</subfield><subfield code="c">20150827141644</subfield><subfield code="d">20150827</subfield><subfield code="f">a</subfield></datafield><datafield tag="002" ind1="0" ind2="0"><subfield code="b">733000</subfield><subfield code="c">90534831</subfield><subfield code="x">73300090534831</subfield></datafield><datafield tag="004" ind1="0" ind2="0"><subfield code="r">c</subfield><subfield code="a">e</subfield></datafield><datafield tag="008" ind1="0" ind2="0"><subfield code="t">m</subfield><subfield code="a">2013</subfield><subfield code="b">gb</subfield><subfield code="d">y</subfield><subfield code="k">a</subfield><subfield code="l">eng</subfield><subfield code="v">4</subfield></datafield><datafield tag="009" ind1="0" ind2="0"><subfield code="a">a</subfield><subfield code="g">xx</subfield></datafield><datafield tag="021" ind1="0" ind2="0"><subfield code="e">9781783376155</subfield></datafield><datafield tag="100" ind1="0" ind2="0"><subfield code="a">Lochrie</subfield><subfield code="h">Alex</subfield><subfield code="4">aut</subfield></datafield><datafield tag="245" ind1="0" ind2="0"><subfield code="a">Fighting for the French Foreign Legion</subfield><subfield code="c">memoirs of a scottish legionnaire</subfield></datafield><datafield tag="260" ind1="0" ind2="0"><subfield code="a">Barnsley, South Yorkshire</subfield><subfield code="b">Pen &amp; Sword Military</subfield><subfield code="c">2013</subfield></datafield><datafield tag="300" ind1="0" ind2="0"><subfield code="a">170 s.</subfield><subfield code="b">ill.</subfield></datafield><datafield tag="610" ind1="0" ind2="0"><subfield code="a">Fremmedlegionen</subfield></datafield><datafield tag="652" ind1="0" ind2="0"><subfield code="m">99.4</subfield><subfield code="a">Lochrie</subfield><subfield code="h">Alex</subfield></datafield><datafield tag="666" ind1="0" ind2="0"><subfield code="f">fremmedlegionærer</subfield></datafield><datafield tag="666" ind1="0" ind2="0"><subfield code="f">elitesoldater</subfield></datafield><datafield tag="996" ind1="0" ind2="0"><subfield code="a">733000</subfield></datafield></record>