
<marcx:record format="danMARC2" type="Bibliographic" xmlns:marcx="info:lc/xmlns/marcxchange-v1"><marcx:leader>00000n    2200000   4500</marcx:leader><marcx:datafield tag="001" ind1="0" ind2="0"><marcx:subfield code="a">41981067</marcx:subfield><marcx:subfield code="b">191919</marcx:subfield><marcx:subfield code="c">19990510213611</marcx:subfield><marcx:subfield code="d">19990510</marcx:subfield><marcx:subfield code="f">a</marcx:subfield></marcx:datafield><marcx:datafield tag="002" ind1="0" ind2="0"><marcx:subfield code="b">722300</marcx:subfield><marcx:subfield code="c">90137999</marcx:subfield><marcx:subfield code="x">72230090137999</marcx:subfield></marcx:datafield><marcx:datafield tag="004" ind1="0" ind2="0"><marcx:subfield code="r">n</marcx:subfield><marcx:subfield code="a">e</marcx:subfield></marcx:datafield><marcx:datafield tag="008" ind1="0" ind2="0"><marcx:subfield code="t">s</marcx:subfield><marcx:subfield code="v">0</marcx:subfield></marcx:datafield><marcx:datafield tag="009" ind1="0" ind2="0"><marcx:subfield code="a">s</marcx:subfield><marcx:subfield code="g">xc</marcx:subfield></marcx:datafield><marcx:datafield tag="039" ind1="0" ind2="0"><marcx:subfield code="a">bef</marcx:subfield></marcx:datafield><marcx:datafield tag="110" ind1="0" ind2="0"><marcx:subfield code="a">Blues Brothers</marcx:subfield></marcx:datafield><marcx:datafield tag="245" ind1="0" ind2="0"><marcx:subfield code="a">The ¤Blues Brothers complete</marcx:subfield><marcx:subfield code="e">Blues Brothers (John Belushi, Dan Aykroyd) med Paul Shaffer, Steve Cropper, Matt Murphy, Donald "Duck" Dunn, Steve Jordan, Lou Marini, Alan Rubin, Tom Scott ... et al</marcx:subfield></marcx:datafield><marcx:datafield tag="260" ind1="0" ind2="0"><marcx:subfield code="b">Atlantic</marcx:subfield></marcx:datafield><marcx:datafield tag="300" ind1="0" ind2="0"><marcx:subfield code="n">2 cd'er</marcx:subfield></marcx:datafield><marcx:datafield tag="512" ind1="0" ind2="0"><marcx:subfield code="a">Indspilninger publiceret 1978-1981</marcx:subfield></marcx:datafield><marcx:datafield tag="531" ind1="0" ind2="0"><marcx:subfield code="a">Indhold:</marcx:subfield></marcx:datafield><marcx:datafield tag="538" ind1="0" ind2="0"><marcx:subfield code="f">Atlantic</marcx:subfield><marcx:subfield code="g">7567-80840-2</marcx:subfield></marcx:datafield><marcx:datafield tag="652" ind1="0" ind2="0"><marcx:subfield code="m">78.794</marcx:subfield><marcx:subfield code="v">5</marcx:subfield></marcx:datafield><marcx:datafield tag="700" ind1="0" ind2="0"><marcx:subfield code="a">Belushi</marcx:subfield><marcx:subfield code="h">John</marcx:subfield></marcx:datafield><marcx:datafield tag="700" ind1="0" ind2="0"><marcx:subfield code="a">Aykroyd</marcx:subfield><marcx:subfield code="h">Dan</marcx:subfield></marcx:datafield><marcx:datafield tag="700" ind1="0" ind2="0"><marcx:subfield code="a">Shaffer</marcx:subfield><marcx:subfield code="h">Paul</marcx:subfield></marcx:datafield><marcx:datafield tag="700" ind1="0" ind2="0"><marcx:subfield code="a">Cropper</marcx:subfield><marcx:subfield code="h">Steve</marcx:subfield></marcx:datafield><marcx:datafield tag="700" ind1="0" ind2="0"><marcx:subfield code="a">Murphy</marcx:subfield><marcx:subfield code="h">Matt</marcx:subfield></marcx:datafield><marcx:datafield tag="700" ind1="0" ind2="0"><marcx:subfield code="a">Dunn</marcx:subfield><marcx:subfield code="h">Donald "Duck"</marcx:subfield></marcx:datafield><marcx:datafield tag="700" ind1="0" ind2="0"><marcx:subfield code="a">Jordan</marcx:subfield><marcx:subfield code="h">Steve</marcx:subfield></marcx:datafield><marcx:datafield tag="700" ind1="0" ind2="0"><marcx:subfield code="a">Marini</marcx:subfield><marcx:subfield code="h">Lou</marcx:subfield></marcx:datafield><marcx:datafield tag="700" ind1="0" ind2="0"><marcx:subfield code="a">Rubin</marcx:subfield><marcx:subfield code="h">Alan</marcx:subfield></marcx:datafield><marcx:datafield tag="700" ind1="0" ind2="0"><marcx:subfield code="a">Scott</marcx:subfield><marcx:subfield code="h">Tom</marcx:subfield></marcx:datafield><marcx:datafield tag="795" ind1="0" ind2="0"><marcx:subfield code="å">11</marcx:subfield><marcx:subfield code="a">Opening: I can't turn you loose</marcx:subfield><marcx:subfield code="a">Everybody needs somebody to love</marcx:subfield><marcx:subfield code="a">Gimme some lovin'</marcx:subfield><marcx:subfield code="a">Think</marcx:subfield><marcx:subfield code="a">Soul man</marcx:subfield><marcx:subfield code="a">Soul finger</marcx:subfield><marcx:subfield code="a">Messin' with the kid</marcx:subfield><marcx:subfield code="a">Hey bartender</marcx:subfield><marcx:subfield code="a">(I got everything I need) almost</marcx:subfield><marcx:subfield code="a">Rubber biscuit</marcx:subfield><marcx:subfield code="a">Shot gun blues</marcx:subfield><marcx:subfield code="a">Groove me</marcx:subfield><marcx:subfield code="a">I don't know</marcx:subfield><marcx:subfield code="a">"B" movie box car blues</marcx:subfield><marcx:subfield code="a">Flip flop and fly</marcx:subfield><marcx:subfield code="a">She caught the Katy</marcx:subfield><marcx:subfield code="a">Peter Gunn theme</marcx:subfield><marcx:subfield code="a">Shake a tailfeather</marcx:subfield><marcx:subfield code="a">The ¤old landmark</marcx:subfield><marcx:subfield code="a">Theme from rawhide</marcx:subfield><marcx:subfield code="a">Minnie the moocher</marcx:subfield><marcx:subfield code="a">Sweet home Chicago</marcx:subfield><marcx:subfield code="a">Jailhouse rock</marcx:subfield><marcx:subfield code="a">Who's making love</marcx:subfield><marcx:subfield code="a">Do you love me</marcx:subfield><marcx:subfield code="a">Guilty</marcx:subfield><marcx:subfield code="a">Perry Mason theme</marcx:subfield><marcx:subfield code="a">Riot in cell block number nine</marcx:subfield><marcx:subfield code="a">Green onions</marcx:subfield><marcx:subfield code="a">I ain't got you</marcx:subfield><marcx:subfield code="a">From the bottom</marcx:subfield><marcx:subfield code="a">Going back to Miami</marcx:subfield><marcx:subfield code="a">Expressway to your heart</marcx:subfield><marcx:subfield code="a">Excusez moi mon cherie</marcx:subfield><marcx:subfield code="a">Closing: I can't turn you loose</marcx:subfield></marcx:datafield><marcx:datafield tag="795" ind1="0" ind2="0"><marcx:subfield code="å">40</marcx:subfield><marcx:subfield code="y">0</marcx:subfield><marcx:subfield code="a">I can't turn you loose</marcx:subfield></marcx:datafield><marcx:datafield tag="996" ind1="0" ind2="0"><marcx:subfield code="a">722300</marcx:subfield></marcx:datafield></marcx:record>