
<record xsi:schemaLocation="http://www.loc.gov/standards/iso25577/marcxchange-1-1.xsd" xmlns="info:lc/xmlns/marcxchange-v1" xmlns:xsi="http://www.w3.org/2001/XMLSchema-instance"><leader>00000n    2200000   4500</leader><datafield tag="001" ind1="0" ind2="0"><subfield code="a">45706443</subfield><subfield code="b">191919</subfield><subfield code="c">20150827141649</subfield><subfield code="d">20150827</subfield><subfield code="f">a</subfield></datafield><datafield tag="002" ind1="0" ind2="0"><subfield code="b">733000</subfield><subfield code="c">90534874</subfield><subfield code="x">73300090534874</subfield></datafield><datafield tag="004" ind1="0" ind2="0"><subfield code="r">c</subfield><subfield code="a">e</subfield></datafield><datafield tag="008" ind1="0" ind2="0"><subfield code="t">m</subfield><subfield code="u">f</subfield><subfield code="a">2015</subfield><subfield code="b">gb</subfield><subfield code="j">f</subfield><subfield code="l">eng</subfield><subfield code="o">b</subfield><subfield code="v">4</subfield></datafield><datafield tag="009" ind1="0" ind2="0"><subfield code="a">a</subfield><subfield code="g">xx</subfield></datafield><datafield tag="021" ind1="0" ind2="0"><subfield code="e">9781405265348</subfield></datafield><datafield tag="100" ind1="0" ind2="0"><subfield code="A">maccall smith</subfield><subfield code="a">McCall Smith</subfield><subfield code="h">Alexander</subfield><subfield code="4">aut</subfield></datafield><datafield tag="245" ind1="0" ind2="0"><subfield code="a">The ¤Akimbo adventures</subfield></datafield><datafield tag="260" ind1="0" ind2="0"><subfield code="a">London</subfield><subfield code="b">Egmont</subfield><subfield code="c">2015</subfield></datafield><datafield tag="300" ind1="0" ind2="0"><subfield code="a">274 sider</subfield><subfield code="b">ill.</subfield></datafield><datafield tag="504" ind1="0" ind2="0"><subfield code="a">Akimbo er en dreng, der bor i et vildtreservat i Afrika.</subfield></datafield><datafield tag="517" ind1="0" ind2="0"><subfield code="a">Fra 9 år</subfield></datafield><datafield tag="530" ind1="0" ind2="0"><subfield code="i">Indhold</subfield><subfield code="t">Akimbo and the elephants</subfield><subfield code="t">Akimbo and the lions</subfield><subfield code="t">Akimbo and the crocodile man</subfield></datafield><datafield tag="652" ind1="0" ind2="0"><subfield code="m">83</subfield></datafield><datafield tag="666" ind1="0" ind2="0"><subfield code="s">løver</subfield></datafield><datafield tag="666" ind1="0" ind2="0"><subfield code="s">elefanter</subfield></datafield><datafield tag="666" ind1="0" ind2="0"><subfield code="s">krokodiller</subfield></datafield><datafield tag="666" ind1="0" ind2="0"><subfield code="q">Afrika</subfield></datafield><datafield tag="700" ind1="0" ind2="0"><subfield code="a">McCall Smith</subfield><subfield code="h">Alexander</subfield><subfield code="4">ill</subfield></datafield><datafield tag="900" ind1="0" ind2="0"><subfield code="a">Smith</subfield><subfield code="h">Alexander McCall</subfield><subfield code="x">se</subfield><subfield code="z">100</subfield></datafield><datafield tag="996" ind1="0" ind2="0"><subfield code="a">733000</subfield></datafield></record>