
<marcx:record format="danMARC2" type="Bibliographic" xmlns:marcx="info:lc/xmlns/marcxchange-v1"><marcx:leader>00000n    2200000   4500</marcx:leader><marcx:datafield tag="001" ind1="0" ind2="0"><marcx:subfield code="a">41978236</marcx:subfield><marcx:subfield code="b">191919</marcx:subfield><marcx:subfield code="c">19990510205850</marcx:subfield><marcx:subfield code="d">19990510</marcx:subfield><marcx:subfield code="f">a</marcx:subfield></marcx:datafield><marcx:datafield tag="002" ind1="0" ind2="0"><marcx:subfield code="b">718100</marcx:subfield><marcx:subfield code="c">90124005</marcx:subfield><marcx:subfield code="x">71810090124005</marcx:subfield></marcx:datafield><marcx:datafield tag="004" ind1="0" ind2="0"><marcx:subfield code="r">n</marcx:subfield><marcx:subfield code="a">e</marcx:subfield></marcx:datafield><marcx:datafield tag="008" ind1="0" ind2="0"><marcx:subfield code="t">s</marcx:subfield><marcx:subfield code="v">0</marcx:subfield></marcx:datafield><marcx:datafield tag="009" ind1="0" ind2="0"><marcx:subfield code="a">s</marcx:subfield><marcx:subfield code="g">xc</marcx:subfield></marcx:datafield><marcx:datafield tag="039" ind1="0" ind2="0"><marcx:subfield code="a">und</marcx:subfield></marcx:datafield><marcx:datafield tag="100" ind1="0" ind2="0"><marcx:subfield code="a">Bennett</marcx:subfield><marcx:subfield code="h">Tony</marcx:subfield></marcx:datafield><marcx:datafield tag="245" ind1="0" ind2="0"><marcx:subfield code="a">If I ruled the world</marcx:subfield><marcx:subfield code="c">songs for the jet set</marcx:subfield><marcx:subfield code="e">Tony Bennett med Ralph Sharon's Trio, Will Bronson Singers, orkester... et al</marcx:subfield><marcx:subfield code="a">arrangør og dirigent: Don Costa</marcx:subfield></marcx:datafield><marcx:datafield tag="260" ind1="0" ind2="0"><marcx:subfield code="b">Columbia</marcx:subfield></marcx:datafield><marcx:datafield tag="440" ind1="0" ind2="0"><marcx:subfield code="a">The ¤Tony Bennett master series</marcx:subfield></marcx:datafield><marcx:datafield tag="512" ind1="0" ind2="0"><marcx:subfield code="a">Indspillet 1965</marcx:subfield></marcx:datafield><marcx:datafield tag="531" ind1="0" ind2="0"><marcx:subfield code="a">Indhold:</marcx:subfield></marcx:datafield><marcx:datafield tag="538" ind1="0" ind2="0"><marcx:subfield code="f">Columbia</marcx:subfield><marcx:subfield code="g">COL 488282 2</marcx:subfield></marcx:datafield><marcx:datafield tag="652" ind1="0" ind2="0"><marcx:subfield code="m">78.797</marcx:subfield><marcx:subfield code="v">863</marcx:subfield></marcx:datafield><marcx:datafield tag="666" ind1="0" ind2="0"><marcx:subfield code="m">evergreen</marcx:subfield><marcx:subfield code="n">vokal</marcx:subfield><marcx:subfield code="p">1960-1969</marcx:subfield><marcx:subfield code="l">USA</marcx:subfield></marcx:datafield><marcx:datafield tag="700" ind1="0" ind2="0"><marcx:subfield code="a">Sharon</marcx:subfield><marcx:subfield code="h">Ralph</marcx:subfield></marcx:datafield><marcx:datafield tag="700" ind1="0" ind2="0"><marcx:subfield code="a">Costa</marcx:subfield><marcx:subfield code="h">Don</marcx:subfield></marcx:datafield><marcx:datafield tag="795" ind1="0" ind2="0"><marcx:subfield code="å">11</marcx:subfield><marcx:subfield code="a">Song of the jet set</marcx:subfield><marcx:subfield code="a">Fly me to the moon</marcx:subfield><marcx:subfield code="a">How insensitive</marcx:subfield><marcx:subfield code="a">If I ruled the world</marcx:subfield><marcx:subfield code="a">Love scene</marcx:subfield><marcx:subfield code="a">Take the moment</marcx:subfield><marcx:subfield code="a">Then was then and now is now</marcx:subfield><marcx:subfield code="a">Sweet Lorraine</marcx:subfield><marcx:subfield code="a">The ¤right to love</marcx:subfield><marcx:subfield code="a">Watch what happens</marcx:subfield><marcx:subfield code="A">ll my tomorrows</marcx:subfield><marcx:subfield code="a">Two by two</marcx:subfield><marcx:subfield code="a">Falling in love with love</marcx:subfield></marcx:datafield><marcx:datafield tag="996" ind1="0" ind2="0"><marcx:subfield code="a">718100</marcx:subfield></marcx:datafield></marcx:record>