
<marcx:record format="danMARC2" type="Bibliographic" xmlns:marcx="info:lc/xmlns/marcxchange-v1"><marcx:leader>00000n    2200000   4500</marcx:leader><marcx:datafield tag="001" ind1="0" ind2="0"><marcx:subfield code="a">41980877</marcx:subfield><marcx:subfield code="b">191919</marcx:subfield><marcx:subfield code="c">20040804004127</marcx:subfield><marcx:subfield code="d">19990510</marcx:subfield><marcx:subfield code="f">a</marcx:subfield></marcx:datafield><marcx:datafield tag="002" ind1="0" ind2="0"><marcx:subfield code="b">746100</marcx:subfield><marcx:subfield code="c">90372440</marcx:subfield><marcx:subfield code="x">74610090372440</marcx:subfield></marcx:datafield><marcx:datafield tag="004" ind1="0" ind2="0"><marcx:subfield code="r">n</marcx:subfield><marcx:subfield code="a">e</marcx:subfield></marcx:datafield><marcx:datafield tag="008" ind1="0" ind2="0"><marcx:subfield code="t">p</marcx:subfield><marcx:subfield code="u">d</marcx:subfield><marcx:subfield code="a">1999</marcx:subfield><marcx:subfield code="z">2004</marcx:subfield><marcx:subfield code="b">dk</marcx:subfield><marcx:subfield code="c">q</marcx:subfield><marcx:subfield code="e">2</marcx:subfield><marcx:subfield code="h">p</marcx:subfield><marcx:subfield code="i">b</marcx:subfield><marcx:subfield code="l">mul</marcx:subfield><marcx:subfield code="v">0</marcx:subfield></marcx:datafield><marcx:datafield tag="009" ind1="0" ind2="0"><marcx:subfield code="a">a</marcx:subfield><marcx:subfield code="g">xx</marcx:subfield></marcx:datafield><marcx:datafield tag="022" ind1="0" ind2="0"><marcx:subfield code="a">1399-0160</marcx:subfield><marcx:subfield code="c">hf.</marcx:subfield></marcx:datafield><marcx:datafield tag="032" ind1="0" ind2="0"><marcx:subfield code="a">DPF200032</marcx:subfield><marcx:subfield code="x">DAT990036</marcx:subfield><marcx:subfield code="x">DAT200418</marcx:subfield><marcx:subfield code="x">DAT200425</marcx:subfield><marcx:subfield code="a">DPF200432</marcx:subfield></marcx:datafield><marcx:datafield tag="041" ind1="0" ind2="0"><marcx:subfield code="a">dan</marcx:subfield><marcx:subfield code="d">eng</marcx:subfield></marcx:datafield><marcx:datafield tag="082" ind1="0" ind2="0"><marcx:subfield code="a">301.31</marcx:subfield><marcx:subfield code="c">21</marcx:subfield></marcx:datafield><marcx:datafield tag="222" ind1="0" ind2="0"><marcx:subfield code="a">Ny viden fra Miljøstyrelsen</marcx:subfield><marcx:subfield code="b">Papirform</marcx:subfield></marcx:datafield><marcx:datafield tag="245" ind1="0" ind2="0"><marcx:subfield code="a">Ny viden fra Miljøstyrelsen</marcx:subfield><marcx:subfield code="c">overblik og indblik i den nyeste miljøviden</marcx:subfield></marcx:datafield><marcx:datafield tag="255" ind1="0" ind2="0"><marcx:subfield code="a">[Årgang 1, nr. 1 (januar 1999)]-årgang 6, nr. 1 (15. januar 2004)</marcx:subfield></marcx:datafield><marcx:datafield tag="260" ind1="0" ind2="0"><marcx:subfield code="a">Kbh.</marcx:subfield><marcx:subfield code="b">Miljø- og Energiministeriet, Miljøstyrelsen</marcx:subfield><marcx:subfield code="c">[1999]-2004</marcx:subfield></marcx:datafield><marcx:datafield tag="300" ind1="0" ind2="0"><marcx:subfield code="b">Ill.</marcx:subfield><marcx:subfield code="c">30 cm</marcx:subfield></marcx:datafield><marcx:datafield tag="500" ind1="0" ind2="0"><marcx:subfield code="a">4 numre årligt</marcx:subfield></marcx:datafield><marcx:datafield tag="505" ind1="0" ind2="0"><marcx:subfield code="&amp;">1</marcx:subfield><marcx:subfield code="a">Tidsskrift</marcx:subfield></marcx:datafield><marcx:datafield tag="508" ind1="0" ind2="0"><marcx:subfield code="a">Delvis med engelsk tekst</marcx:subfield></marcx:datafield><marcx:datafield tag="526" ind1="0" ind2="0"><marcx:subfield code="i">Også på internettet</marcx:subfield><marcx:subfield code="t">Ny viden fra Miljøstyrelsen</marcx:subfield></marcx:datafield><marcx:datafield tag="652" ind1="0" ind2="0"><marcx:subfield code="m">50.1</marcx:subfield></marcx:datafield><marcx:datafield tag="652" ind1="0" ind2="0"><marcx:subfield code="p">69.87</marcx:subfield></marcx:datafield><marcx:datafield tag="710" ind1="0" ind2="0"><marcx:subfield code="c">Miljøstyrelsen</marcx:subfield></marcx:datafield><marcx:datafield tag="910" ind1="0" ind2="0"><marcx:subfield code="c">Miljø- og Energiministeriet</marcx:subfield><marcx:subfield code="c">Miljøstyrelsen</marcx:subfield><marcx:subfield code="z">710</marcx:subfield></marcx:datafield><marcx:datafield tag="996" ind1="0" ind2="0"><marcx:subfield code="a">810010</marcx:subfield></marcx:datafield></marcx:record>