
<marcx:record format="danMARC2" type="Bibliographic" xmlns:marcx="info:lc/xmlns/marcxchange-v1"><marcx:leader>00000n    2200000   4500</marcx:leader><marcx:datafield tag="001" ind1="0" ind2="0"><marcx:subfield code="a">22447440</marcx:subfield><marcx:subfield code="b">191919</marcx:subfield><marcx:subfield code="c">20150411130000</marcx:subfield><marcx:subfield code="d">19990512</marcx:subfield><marcx:subfield code="f">a</marcx:subfield></marcx:datafield><marcx:datafield tag="004" ind1="0" ind2="0"><marcx:subfield code="r">n</marcx:subfield><marcx:subfield code="a">e</marcx:subfield></marcx:datafield><marcx:datafield tag="006" ind1="0" ind2="0"><marcx:subfield code="d">0</marcx:subfield><marcx:subfield code="2">b</marcx:subfield></marcx:datafield><marcx:datafield tag="008" ind1="0" ind2="0"><marcx:subfield code="t">m</marcx:subfield><marcx:subfield code="u">f</marcx:subfield><marcx:subfield code="a">1999</marcx:subfield><marcx:subfield code="b">dk</marcx:subfield><marcx:subfield code="b">se</marcx:subfield><marcx:subfield code="l">dan</marcx:subfield><marcx:subfield code="v">0</marcx:subfield></marcx:datafield><marcx:datafield tag="009" ind1="0" ind2="0"><marcx:subfield code="a">m</marcx:subfield><marcx:subfield code="g">nh</marcx:subfield></marcx:datafield><marcx:datafield tag="021" ind1="0" ind2="0"><marcx:subfield code="n">16 91 88</marcx:subfield><marcx:subfield code="d">kr. 125,00</marcx:subfield><marcx:subfield code="d">kr. 31,25</marcx:subfield><marcx:subfield code="b">leje pr. uge</marcx:subfield><marcx:subfield code="b">benyttelse: 1,3,4,5,6</marcx:subfield></marcx:datafield><marcx:datafield tag="032" ind1="0" ind2="0"><marcx:subfield code="a">DBI199928</marcx:subfield><marcx:subfield code="x">SFA199928</marcx:subfield><marcx:subfield code="x">DAT990636</marcx:subfield></marcx:datafield><marcx:datafield tag="041" ind1="0" ind2="0"><marcx:subfield code="a">swe</marcx:subfield><marcx:subfield code="u">dan</marcx:subfield><marcx:subfield code="e">dan</marcx:subfield></marcx:datafield><marcx:datafield tag="245" ind1="0" ind2="0"><marcx:subfield code="a">Troldkarlen</marcx:subfield><marcx:subfield code="p">Trollkarlen</marcx:subfield><marcx:subfield code="c">en film</marcx:subfield><marcx:subfield code="e">af Anders Østergꜳrd</marcx:subfield><marcx:subfield code="f">producent Thomas Gammeltoft</marcx:subfield></marcx:datafield><marcx:datafield tag="250" ind1="0" ind2="0"><marcx:subfield code="a">Letterbox format</marcx:subfield></marcx:datafield><marcx:datafield tag="260" ind1="0" ind2="0"><marcx:subfield code="a">[S.l.]</marcx:subfield><marcx:subfield code="b">Angel Film &amp; Lyd</marcx:subfield><marcx:subfield code="a">[Sverige]</marcx:subfield><marcx:subfield code="b">i en coproduktion med Migma Film ... [et al.]</marcx:subfield><marcx:subfield code="f">Kbh.</marcx:subfield><marcx:subfield code="g">distribution Det Danske Filminstitut</marcx:subfield><marcx:subfield code="c">1999</marcx:subfield></marcx:datafield><marcx:datafield tag="300" ind1="0" ind2="0"><marcx:subfield code="n">1 kassette</marcx:subfield><marcx:subfield code="e">VHS</marcx:subfield><marcx:subfield code="l">57 min.</marcx:subfield><marcx:subfield code="b">sort-hvid og farve</marcx:subfield></marcx:datafield><marcx:datafield tag="504" ind1="0" ind2="0"><marcx:subfield code="&amp;">1</marcx:subfield><marcx:subfield code="a">Om den svenske jazzpianist Jan Johansson (1931-1968) som placerede den svenske jazzmusik på verdenskortet. Filmen følger ham ind i hans musikalske værksted, hvor man fornemmer hans trang til at søge ukendt land og nye horisonter</marcx:subfield></marcx:datafield><marcx:datafield tag="508" ind1="0" ind2="0"><marcx:subfield code="a">Svensk tale med danske undertekster, samt sporadisk dansk tale</marcx:subfield></marcx:datafield><marcx:datafield tag="517" ind1="0" ind2="0"><marcx:subfield code="&amp;">1</marcx:subfield><marcx:subfield code="a">Mærkning: Tilladt for alle</marcx:subfield></marcx:datafield><marcx:datafield tag="652" ind1="0" ind2="0"><marcx:subfield code="m">99.4</marcx:subfield><marcx:subfield code="a">Johansson</marcx:subfield><marcx:subfield code="h">Jan</marcx:subfield><marcx:subfield code="c">f. 1931</marcx:subfield></marcx:datafield><marcx:datafield tag="652" ind1="0" ind2="0"><marcx:subfield code="p">78.9063</marcx:subfield><marcx:subfield code="v">4</marcx:subfield></marcx:datafield><marcx:datafield tag="700" ind1="0" ind2="0"><marcx:subfield code="0"/><marcx:subfield code="a">Østergꜳrd</marcx:subfield><marcx:subfield code="h">Anders</marcx:subfield><marcx:subfield code="c">f. 1965</marcx:subfield></marcx:datafield><marcx:datafield tag="900" ind1="0" ind2="0"><marcx:subfield code="0"/><marcx:subfield code="a">Høgsbro Østergꜳrd</marcx:subfield><marcx:subfield code="h">Anders</marcx:subfield><marcx:subfield code="z">700</marcx:subfield></marcx:datafield><marcx:datafield tag="990" ind1="0" ind2="0"><marcx:subfield code="a">SFA</marcx:subfield><marcx:subfield code="b">F</marcx:subfield><marcx:subfield code="m">Av-beskrivelse udsendes: 199929</marcx:subfield><marcx:subfield code="o">199928</marcx:subfield></marcx:datafield><marcx:datafield tag="990" ind1="0" ind2="0"><marcx:subfield code="a">SFA</marcx:subfield><marcx:subfield code="b">F</marcx:subfield><marcx:subfield code="m">Av-beskrivelse udsendes: 199929</marcx:subfield><marcx:subfield code="o">199928</marcx:subfield></marcx:datafield><marcx:datafield tag="996" ind1="0" ind2="0"><marcx:subfield code="a">DBC</marcx:subfield></marcx:datafield></marcx:record>