
<record xsi:schemaLocation="http://www.loc.gov/standards/iso25577/marcxchange-1-1.xsd" xmlns="info:lc/xmlns/marcxchange-v1" xmlns:xsi="http://www.w3.org/2001/XMLSchema-instance"><leader>00000n    2200000   4500</leader><datafield tag="001" ind1="0" ind2="0"><subfield code="a">45706486</subfield><subfield code="b">191919</subfield><subfield code="c">20150827141652</subfield><subfield code="d">20150827</subfield><subfield code="f">a</subfield></datafield><datafield tag="002" ind1="0" ind2="0"><subfield code="b">733000</subfield><subfield code="c">90534912</subfield><subfield code="x">73300090534912</subfield></datafield><datafield tag="004" ind1="0" ind2="0"><subfield code="r">c</subfield><subfield code="a">e</subfield></datafield><datafield tag="008" ind1="0" ind2="0"><subfield code="t">m</subfield><subfield code="u">f</subfield><subfield code="a">2013</subfield><subfield code="b">gb</subfield><subfield code="d">y</subfield><subfield code="l">eng</subfield><subfield code="v">4</subfield></datafield><datafield tag="009" ind1="0" ind2="0"><subfield code="a">a</subfield><subfield code="g">xx</subfield></datafield><datafield tag="021" ind1="0" ind2="0"><subfield code="e">9781909820135</subfield></datafield><datafield tag="100" ind1="0" ind2="0"><subfield code="a">Sullivan</subfield><subfield code="h">Rose</subfield><subfield code="4">aut</subfield></datafield><datafield tag="245" ind1="0" ind2="0"><subfield code="a">Ringneck parakeets</subfield><subfield code="c">the complete owner's guide to ringneck parrots</subfield></datafield><datafield tag="260" ind1="0" ind2="0"><subfield code="a">London</subfield><subfield code="b">EKL publishing</subfield><subfield code="c">2013</subfield></datafield><datafield tag="300" ind1="0" ind2="0"><subfield code="a">139 sider</subfield><subfield code="b">ill. i farver</subfield></datafield><datafield tag="652" ind1="0" ind2="0"><subfield code="m">64.43</subfield></datafield><datafield tag="666" ind1="0" ind2="0"><subfield code="f">parakitter</subfield></datafield><datafield tag="666" ind1="0" ind2="0"><subfield code="f">papegøjer</subfield></datafield><datafield tag="666" ind1="0" ind2="0"><subfield code="f">pasning</subfield></datafield><datafield tag="996" ind1="0" ind2="0"><subfield code="a">733000</subfield></datafield></record>