
<marcx:record format="danMARC2" type="Bibliographic" xmlns:marcx="info:lc/xmlns/marcxchange-v1"><marcx:leader>00000n    2200000   4500</marcx:leader><marcx:datafield tag="001" ind1="0" ind2="0"><marcx:subfield code="a">22445049</marcx:subfield><marcx:subfield code="b">191919</marcx:subfield><marcx:subfield code="c">20051123004803</marcx:subfield><marcx:subfield code="d">19990511</marcx:subfield><marcx:subfield code="f">a</marcx:subfield></marcx:datafield><marcx:datafield tag="004" ind1="0" ind2="0"><marcx:subfield code="r">n</marcx:subfield><marcx:subfield code="a">e</marcx:subfield></marcx:datafield><marcx:datafield tag="008" ind1="0" ind2="0"><marcx:subfield code="t">s</marcx:subfield><marcx:subfield code="u">f</marcx:subfield><marcx:subfield code="a">1999</marcx:subfield><marcx:subfield code="b">gb</marcx:subfield><marcx:subfield code="v">0</marcx:subfield></marcx:datafield><marcx:datafield tag="009" ind1="0" ind2="0"><marcx:subfield code="a">s</marcx:subfield><marcx:subfield code="g">xc</marcx:subfield></marcx:datafield><marcx:datafield tag="021" ind1="0" ind2="0"><marcx:subfield code="d">kr 147,00</marcx:subfield></marcx:datafield><marcx:datafield tag="032" ind1="0" ind2="0"><marcx:subfield code="x">SFG199921</marcx:subfield><marcx:subfield code="x">DAT200547</marcx:subfield></marcx:datafield><marcx:datafield tag="039" ind1="0" ind2="0"><marcx:subfield code="a">ork</marcx:subfield></marcx:datafield><marcx:datafield tag="100" ind1="0" ind2="0"><marcx:subfield code="a">Balakirev</marcx:subfield><marcx:subfield code="h">Milij</marcx:subfield></marcx:datafield><marcx:datafield tag="239" ind1="0" ind2="0"><marcx:subfield code="t">Symfoni nr. 2, d-mol</marcx:subfield><marcx:subfield code="ø">Sinajskij</marcx:subfield></marcx:datafield><marcx:datafield tag="245" ind1="0" ind2="0"><marcx:subfield code="a">Symphony no. 2</marcx:subfield><marcx:subfield code="e">Mily Alexeyevich Balakirev</marcx:subfield></marcx:datafield><marcx:datafield tag="260" ind1="0" ind2="0"><marcx:subfield code="a">Colchester</marcx:subfield><marcx:subfield code="b">Chandos</marcx:subfield><marcx:subfield code="c">p 1999</marcx:subfield></marcx:datafield><marcx:datafield tag="300" ind1="0" ind2="0"><marcx:subfield code="n">1 cd</marcx:subfield><marcx:subfield code="b">digitaloptagelse</marcx:subfield></marcx:datafield><marcx:datafield tag="512" ind1="0" ind2="0"><marcx:subfield code="a">Indspillet i Manchester 1998</marcx:subfield></marcx:datafield><marcx:datafield tag="513" ind1="0" ind2="0"><marcx:subfield code="e">BBC Philharmonic</marcx:subfield><marcx:subfield code="e">dirigent: Vassily Sinaisky</marcx:subfield></marcx:datafield><marcx:datafield tag="531" ind1="0" ind2="0"><marcx:subfield code="a">Indeholder også:</marcx:subfield></marcx:datafield><marcx:datafield tag="538" ind1="0" ind2="0"><marcx:subfield code="f">Chandos</marcx:subfield><marcx:subfield code="g">CHAN 9727</marcx:subfield></marcx:datafield><marcx:datafield tag="652" ind1="0" ind2="0"><marcx:subfield code="m">78.411</marcx:subfield></marcx:datafield><marcx:datafield tag="652" ind1="0" ind2="0"><marcx:subfield code="å">11</marcx:subfield><marcx:subfield code="i">78.412</marcx:subfield><marcx:subfield code="v">33</marcx:subfield><marcx:subfield code="i">78.411</marcx:subfield></marcx:datafield><marcx:datafield tag="666" ind1="0" ind2="0"><marcx:subfield code="0"/><marcx:subfield code="m">nationalromantik</marcx:subfield><marcx:subfield code="m">senromantik</marcx:subfield><marcx:subfield code="m">nyrussiske skole</marcx:subfield><marcx:subfield code="m">symfoni</marcx:subfield><marcx:subfield code="n">instrumental</marcx:subfield><marcx:subfield code="n">orkester</marcx:subfield><marcx:subfield code="p">1850-1859</marcx:subfield><marcx:subfield code="l">Rusland</marcx:subfield></marcx:datafield><marcx:datafield tag="666" ind1="0" ind2="0"><marcx:subfield code="0"/><marcx:subfield code="å">11</marcx:subfield><marcx:subfield code="m">nationalromantik</marcx:subfield><marcx:subfield code="m">senromantik</marcx:subfield><marcx:subfield code="m">nyrussiske skole</marcx:subfield><marcx:subfield code="m">klaverkoncert</marcx:subfield><marcx:subfield code="m">symfonisk digt</marcx:subfield><marcx:subfield code="n">instrumental</marcx:subfield><marcx:subfield code="n">orkester</marcx:subfield><marcx:subfield code="n">klaver</marcx:subfield><marcx:subfield code="p">1880-1889</marcx:subfield><marcx:subfield code="p">1900-1909</marcx:subfield><marcx:subfield code="l">Rusland</marcx:subfield></marcx:datafield><marcx:datafield tag="700" ind1="0" ind2="0"><marcx:subfield code="a">Shelley</marcx:subfield><marcx:subfield code="h">Howard</marcx:subfield></marcx:datafield><marcx:datafield tag="700" ind1="0" ind2="0"><marcx:subfield code="a">Sinajskij</marcx:subfield><marcx:subfield code="h">Vassilij</marcx:subfield></marcx:datafield><marcx:datafield tag="710" ind1="0" ind2="0"><marcx:subfield code="a">BBC's Filharmoniske Orkester</marcx:subfield></marcx:datafield><marcx:datafield tag="795" ind1="0" ind2="0"><marcx:subfield code="å">11</marcx:subfield><marcx:subfield code="a">Koncert for klaver og orkester, fis-mol, opus 1</marcx:subfield><marcx:subfield code="e">Howard Shelley, klaver</marcx:subfield><marcx:subfield code="a">Tamara</marcx:subfield></marcx:datafield><marcx:datafield tag="990" ind1="0" ind2="0"><marcx:subfield code="a">SFG</marcx:subfield><marcx:subfield code="o">199921</marcx:subfield><marcx:subfield code="c">C</marcx:subfield><marcx:subfield code="t">11.06.99</marcx:subfield></marcx:datafield><marcx:datafield tag="990" ind1="0" ind2="0"><marcx:subfield code="a">SFG</marcx:subfield><marcx:subfield code="r">200547</marcx:subfield><marcx:subfield code="c">C</marcx:subfield><marcx:subfield code="m">239+ø (identificerende tilføjelse) rettet fra: Sinaisky</marcx:subfield><marcx:subfield code="m">Rettelse</marcx:subfield></marcx:datafield><marcx:datafield tag="996" ind1="0" ind2="0"><marcx:subfield code="a">DBC</marcx:subfield></marcx:datafield></marcx:record>