
<record xsi:schemaLocation="http://www.loc.gov/standards/iso25577/marcxchange-1-1.xsd" xmlns="info:lc/xmlns/marcxchange-v1" xmlns:xsi="http://www.w3.org/2001/XMLSchema-instance"><leader>00000n    2200000   4500</leader><datafield tag="001" ind1="0" ind2="0"><subfield code="a">45706494</subfield><subfield code="b">191919</subfield><subfield code="c">20150827141652</subfield><subfield code="d">20150827</subfield><subfield code="f">a</subfield></datafield><datafield tag="002" ind1="0" ind2="0"><subfield code="b">733000</subfield><subfield code="c">90534939</subfield><subfield code="x">73300090534939</subfield></datafield><datafield tag="004" ind1="0" ind2="0"><subfield code="r">c</subfield><subfield code="a">e</subfield></datafield><datafield tag="008" ind1="0" ind2="0"><subfield code="t">m</subfield><subfield code="a">2015</subfield><subfield code="b">us</subfield><subfield code="d">x</subfield><subfield code="l">eng</subfield><subfield code="v">4</subfield></datafield><datafield tag="009" ind1="0" ind2="0"><subfield code="a">a</subfield><subfield code="g">xx</subfield></datafield><datafield tag="021" ind1="0" ind2="0"><subfield code="e">9780486789408</subfield></datafield><datafield tag="245" ind1="0" ind2="0"><subfield code="a">Fairy tales for young readers</subfield><subfield code="c">by the author of Shakespeare's stories for young readers</subfield><subfield code="e">E. Nesbit</subfield></datafield><datafield tag="260" ind1="0" ind2="0"><subfield code="a">Mineola, New York</subfield><subfield code="b">Dover Publications, Inc.</subfield><subfield code="c">2015</subfield></datafield><datafield tag="300" ind1="0" ind2="0"><subfield code="a">98 sider</subfield></datafield><datafield tag="440" ind1="0" ind2="0"><subfield code="a">Dover children's classics</subfield></datafield><datafield tag="504" ind1="0" ind2="0"><subfield code="a">Summary: A collection of nine fairy tales retold, including such favorites as Cinderella and Puss in Boots, as well as the less familiar stories of Dick Whittington and His Cat and Hop-o'-my-Thumb</subfield></datafield><datafield tag="530" ind1="0" ind2="0"><subfield code="i">Indhold</subfield><subfield code="t">Cinderella</subfield><subfield code="t">Beauty and the beast</subfield><subfield code="t">Jack the giant-killer</subfield><subfield code="t">Puss in boots</subfield><subfield code="t">Jack and the beanstalk</subfield><subfield code="t">Dick Whittington and his cat</subfield><subfield code="t">The sleeping beauty in the wood</subfield><subfield code="t">the white cat</subfield><subfield code="t">Hop-o'-my-thumb</subfield></datafield><datafield tag="652" ind1="0" ind2="0"><subfield code="m">83</subfield></datafield><datafield tag="666" ind1="0" ind2="0"><subfield code="s">eventyr</subfield></datafield><datafield tag="666" ind1="0" ind2="0"><subfield code="u">let at læse</subfield></datafield><datafield tag="666" ind1="0" ind2="0"><subfield code="u">for 8 år</subfield></datafield><datafield tag="666" ind1="0" ind2="0"><subfield code="u">for 9 år</subfield></datafield><datafield tag="666" ind1="0" ind2="0"><subfield code="u">for 10 år</subfield></datafield><datafield tag="666" ind1="0" ind2="0"><subfield code="u">for 11 år</subfield></datafield><datafield tag="700" ind1="0" ind2="0"><subfield code="a">Nesbit</subfield><subfield code="h">E.</subfield><subfield code="c">1858-1924</subfield></datafield><datafield tag="996" ind1="0" ind2="0"><subfield code="a">733000</subfield></datafield></record>