
<record xsi:schemaLocation="http://www.loc.gov/standards/iso25577/marcxchange-1-1.xsd" xmlns="info:lc/xmlns/marcxchange-v1" xmlns:xsi="http://www.w3.org/2001/XMLSchema-instance"><leader>00000n    2200000   4500</leader><datafield tag="001" ind1="0" ind2="0"><subfield code="a">45706508</subfield><subfield code="b">191919</subfield><subfield code="c">20150827141653</subfield><subfield code="d">20150827</subfield><subfield code="f">a</subfield></datafield><datafield tag="002" ind1="0" ind2="0"><subfield code="b">733000</subfield><subfield code="c">90534955</subfield><subfield code="x">73300090534955</subfield></datafield><datafield tag="004" ind1="0" ind2="0"><subfield code="r">c</subfield><subfield code="a">e</subfield></datafield><datafield tag="008" ind1="0" ind2="0"><subfield code="t">m</subfield><subfield code="u">f</subfield><subfield code="a">2015</subfield><subfield code="b">gb</subfield><subfield code="j">f</subfield><subfield code="d">x</subfield><subfield code="l">eng</subfield><subfield code="v">4</subfield></datafield><datafield tag="009" ind1="0" ind2="0"><subfield code="a">a</subfield><subfield code="g">xx</subfield></datafield><datafield tag="021" ind1="0" ind2="0"><subfield code="e">9781407159546</subfield></datafield><datafield tag="100" ind1="0" ind2="0"><subfield code="a">Brockenbrough</subfield><subfield code="h">Martha</subfield><subfield code="4">aut</subfield></datafield><datafield tag="245" ind1="0" ind2="0"><subfield code="a">The ¤game of love and death</subfield></datafield><datafield tag="260" ind1="0" ind2="0"><subfield code="a">London</subfield><subfield code="b">Scholastic</subfield><subfield code="c">2015</subfield></datafield><datafield tag="300" ind1="0" ind2="0"><subfield code="a">329 sider</subfield></datafield><datafield tag="504" ind1="0" ind2="0"><subfield code="a">Summary: In Seattle in 1937 two seventeen-year-olds, Henry, who is white, and Flora, who is African-American, become the unwitting pawns in a game played by two immortal figures, Love and Death, where they must choose each other at the end, or one of them will die</subfield></datafield><datafield tag="652" ind1="0" ind2="0"><subfield code="m">83.8</subfield></datafield><datafield tag="666" ind1="0" ind2="0"><subfield code="s">kærlighed</subfield></datafield><datafield tag="666" ind1="0" ind2="0"><subfield code="s">sorte</subfield></datafield><datafield tag="666" ind1="0" ind2="0"><subfield code="s">hvide</subfield></datafield><datafield tag="666" ind1="0" ind2="0"><subfield code="s">historiske romaner</subfield></datafield><datafield tag="666" ind1="0" ind2="0"><subfield code="s">depressionen</subfield></datafield><datafield tag="666" ind1="0" ind2="0"><subfield code="q">USA</subfield></datafield><datafield tag="996" ind1="0" ind2="0"><subfield code="a">733000</subfield></datafield></record>