
<marcx:record format="danMARC2" type="Bibliographic" xmlns:marcx="info:lc/xmlns/marcxchange-v1"><marcx:leader>00000n    2200000   4500</marcx:leader><marcx:datafield tag="001" ind1="0" ind2="0"><marcx:subfield code="a">22445316</marcx:subfield><marcx:subfield code="b">191919</marcx:subfield><marcx:subfield code="c">19990520091516</marcx:subfield><marcx:subfield code="d">19990511</marcx:subfield><marcx:subfield code="f">a</marcx:subfield></marcx:datafield><marcx:datafield tag="004" ind1="0" ind2="0"><marcx:subfield code="r">n</marcx:subfield><marcx:subfield code="a">e</marcx:subfield></marcx:datafield><marcx:datafield tag="008" ind1="0" ind2="0"><marcx:subfield code="t">m</marcx:subfield><marcx:subfield code="u">f</marcx:subfield><marcx:subfield code="a">1998</marcx:subfield><marcx:subfield code="b">fr</marcx:subfield><marcx:subfield code="l">eng</marcx:subfield><marcx:subfield code="v">0</marcx:subfield></marcx:datafield><marcx:datafield tag="009" ind1="0" ind2="0"><marcx:subfield code="a">t</marcx:subfield><marcx:subfield code="g">tb</marcx:subfield><marcx:subfield code="b">a</marcx:subfield><marcx:subfield code="h">xx</marcx:subfield></marcx:datafield><marcx:datafield tag="021" ind1="0" ind2="0"><marcx:subfield code="d">Kr. 540,00</marcx:subfield><marcx:subfield code="b">til udlån</marcx:subfield><marcx:subfield code="b">IBC</marcx:subfield></marcx:datafield><marcx:datafield tag="021" ind1="0" ind2="0"><marcx:subfield code="d">Kr. 540,00</marcx:subfield><marcx:subfield code="b">til udlån</marcx:subfield><marcx:subfield code="b">DBC</marcx:subfield><marcx:subfield code="n">09891663</marcx:subfield></marcx:datafield><marcx:datafield tag="032" ind1="0" ind2="0"><marcx:subfield code="x">UTI199920</marcx:subfield><marcx:subfield code="x">CDR199921</marcx:subfield></marcx:datafield><marcx:datafield tag="245" ind1="0" ind2="0"><marcx:subfield code="a">Mysterious Egypt</marcx:subfield><marcx:subfield code="c">the age of the pharaohs</marcx:subfield></marcx:datafield><marcx:datafield tag="260" ind1="0" ind2="0"><marcx:subfield code="a">Paris</marcx:subfield><marcx:subfield code="b">Emme</marcx:subfield><marcx:subfield code="f">[Ballerup]</marcx:subfield><marcx:subfield code="g">[eksp. Indbindingscentralen]</marcx:subfield><marcx:subfield code="g">[samt eksp. DBC medier]</marcx:subfield><marcx:subfield code="c">1998</marcx:subfield></marcx:datafield><marcx:datafield tag="300" ind1="0" ind2="0"><marcx:subfield code="n">2 cd-rom'er</marcx:subfield><marcx:subfield code="b">lyd, farve</marcx:subfield><marcx:subfield code="n">1 vejledning</marcx:subfield></marcx:datafield><marcx:datafield tag="501" ind1="0" ind2="0"><marcx:subfield code="a">Pc, Pentium/75 MHz; 16 MB ram; Windows 95 eller 98; farveskærm (640×480 billedopløsning, tusindvis af farver); 4× cd-rom-drev; 16-bit SoundBlaster eller kompatibelt lydkort</marcx:subfield></marcx:datafield><marcx:datafield tag="505" ind1="0" ind2="0"><marcx:subfield code="a">Interaktivt multimedie</marcx:subfield></marcx:datafield><marcx:datafield tag="512" ind1="0" ind2="0"><marcx:subfield code="a">Titlen hentet fra cd-rometiket</marcx:subfield></marcx:datafield><marcx:datafield tag="512" ind1="0" ind2="0"><marcx:subfield code="a">På omslag og emballage: History and culture - The age of the pharaos, og: Voyage and discovery - Along the Nile</marcx:subfield></marcx:datafield><marcx:datafield tag="512" ind1="0" ind2="0"><marcx:subfield code="a">På emballage: A panorama of 6000 years of civilization - pharaohs, mythology, social life, historic sites, great discoveries, hieroglyphs, mysteries</marcx:subfield></marcx:datafield><marcx:datafield tag="652" ind1="0" ind2="0"><marcx:subfield code="m">91.21</marcx:subfield></marcx:datafield><marcx:datafield tag="996" ind1="0" ind2="0"><marcx:subfield code="a">DBC</marcx:subfield></marcx:datafield></marcx:record>