
<marcx:record format="danMARC2" type="Bibliographic" xmlns:marcx="info:lc/xmlns/marcxchange-v1"><marcx:leader>00000n    2200000   4500</marcx:leader><marcx:datafield tag="001" ind1="0" ind2="0"><marcx:subfield code="a">41978015</marcx:subfield><marcx:subfield code="b">191919</marcx:subfield><marcx:subfield code="c">19990510205634</marcx:subfield><marcx:subfield code="d">19990510</marcx:subfield><marcx:subfield code="f">a</marcx:subfield></marcx:datafield><marcx:datafield tag="002" ind1="0" ind2="0"><marcx:subfield code="b">718100</marcx:subfield><marcx:subfield code="c">90123572</marcx:subfield><marcx:subfield code="x">71810090123572</marcx:subfield></marcx:datafield><marcx:datafield tag="004" ind1="0" ind2="0"><marcx:subfield code="r">n</marcx:subfield><marcx:subfield code="a">e</marcx:subfield></marcx:datafield><marcx:datafield tag="008" ind1="0" ind2="0"><marcx:subfield code="t">s</marcx:subfield><marcx:subfield code="v">0</marcx:subfield></marcx:datafield><marcx:datafield tag="009" ind1="0" ind2="0"><marcx:subfield code="a">s</marcx:subfield><marcx:subfield code="g">xc</marcx:subfield></marcx:datafield><marcx:datafield tag="039" ind1="0" ind2="0"><marcx:subfield code="a">bef</marcx:subfield></marcx:datafield><marcx:datafield tag="100" ind1="0" ind2="0"><marcx:subfield code="a">Rogers</marcx:subfield><marcx:subfield code="h">Kenny</marcx:subfield></marcx:datafield><marcx:datafield tag="245" ind1="0" ind2="0"><marcx:subfield code="a">Original gold</marcx:subfield><marcx:subfield code="e">Kenny Rogers med orkester</marcx:subfield></marcx:datafield><marcx:datafield tag="260" ind1="0" ind2="0"><marcx:subfield code="b">Disky</marcx:subfield></marcx:datafield><marcx:datafield tag="300" ind1="0" ind2="0"><marcx:subfield code="n">2 cd'er</marcx:subfield></marcx:datafield><marcx:datafield tag="440" ind1="0" ind2="0"><marcx:subfield code="a">Original gold</marcx:subfield></marcx:datafield><marcx:datafield tag="512" ind1="0" ind2="0"><marcx:subfield code="a">Indspilninger publiceret 1976-1983</marcx:subfield></marcx:datafield><marcx:datafield tag="531" ind1="0" ind2="0"><marcx:subfield code="a">Indhold:</marcx:subfield></marcx:datafield><marcx:datafield tag="538" ind1="0" ind2="0"><marcx:subfield code="f">Disky</marcx:subfield><marcx:subfield code="g">HR 853862</marcx:subfield></marcx:datafield><marcx:datafield tag="652" ind1="0" ind2="0"><marcx:subfield code="m">78.794</marcx:subfield><marcx:subfield code="v">2</marcx:subfield></marcx:datafield><marcx:datafield tag="666" ind1="0" ind2="0"><marcx:subfield code="m">country</marcx:subfield><marcx:subfield code="n">vokal</marcx:subfield><marcx:subfield code="p">1970-1979</marcx:subfield><marcx:subfield code="p">1980-1989</marcx:subfield><marcx:subfield code="l">USA</marcx:subfield></marcx:datafield><marcx:datafield tag="700" ind1="0" ind2="0"><marcx:subfield code="a">Easton</marcx:subfield><marcx:subfield code="h">Sheena</marcx:subfield></marcx:datafield><marcx:datafield tag="700" ind1="0" ind2="0"><marcx:subfield code="a">Carnes</marcx:subfield><marcx:subfield code="h">Kim</marcx:subfield></marcx:datafield><marcx:datafield tag="700" ind1="0" ind2="0"><marcx:subfield code="a">West</marcx:subfield><marcx:subfield code="h">Dottie</marcx:subfield></marcx:datafield><marcx:datafield tag="795" ind1="0" ind2="0"><marcx:subfield code="å">11</marcx:subfield><marcx:subfield code="a">Lady</marcx:subfield><marcx:subfield code="a">We've got tonight</marcx:subfield><marcx:subfield code="e">med Sheena Easton</marcx:subfield><marcx:subfield code="a">Crazy</marcx:subfield><marcx:subfield code="a">She believes in me</marcx:subfield><marcx:subfield code="a">You decorated my life</marcx:subfield><marcx:subfield code="a">Desperado</marcx:subfield><marcx:subfield code="a">You are so beautiful</marcx:subfield><marcx:subfield code="a">I wish that I could hurt you that way again</marcx:subfield><marcx:subfield code="a">So in love with you</marcx:subfield><marcx:subfield code="a">Don't fall in love with a dreamer</marcx:subfield><marcx:subfield code="e">med Kim Carnes</marcx:subfield><marcx:subfield code="a">Heavenly sunshine</marcx:subfield><marcx:subfield code="a">Love love love</marcx:subfield><marcx:subfield code="a">Through the years</marcx:subfield><marcx:subfield code="a">What are we doin' in love</marcx:subfield><marcx:subfield code="e">med Dottie West</marcx:subfield><marcx:subfield code="a">Just the way you are</marcx:subfield><marcx:subfield code="e">med Dottie West</marcx:subfield><marcx:subfield code="a">Coward of the country</marcx:subfield><marcx:subfield code="a">The ¤gambler</marcx:subfield><marcx:subfield code="a">You turn the light on</marcx:subfield><marcx:subfield code="a">All my life</marcx:subfield><marcx:subfield code="a">We love each other</marcx:subfield><marcx:subfield code="e">med Dottie West</marcx:subfield><marcx:subfield code="a">Love the world away</marcx:subfield><marcx:subfield code="a">Green, green grass of home</marcx:subfield><marcx:subfield code="a">Medley (Abraham, Martin &amp; John/Precious memories)</marcx:subfield><marcx:subfield code="a">No dreams</marcx:subfield><marcx:subfield code="a">One man's woman</marcx:subfield><marcx:subfield code="a">You needed me</marcx:subfield><marcx:subfield code="e">med Dottie West</marcx:subfield><marcx:subfield code="a">My world begins and ends with you</marcx:subfield><marcx:subfield code="a">Lay down beside me</marcx:subfield><marcx:subfield code="a">How long</marcx:subfield><marcx:subfield code="a">Maybe you should know</marcx:subfield></marcx:datafield><marcx:datafield tag="795" ind1="0" ind2="0"><marcx:subfield code="å">40</marcx:subfield><marcx:subfield code="y">0</marcx:subfield><marcx:subfield code="a">Abraham, Martin &amp; John</marcx:subfield><marcx:subfield code="a">Precious memories)</marcx:subfield></marcx:datafield><marcx:datafield tag="996" ind1="0" ind2="0"><marcx:subfield code="a">718100</marcx:subfield></marcx:datafield></marcx:record>