
<marcx:record format="danMARC2" type="Bibliographic" xmlns:marcx="info:lc/xmlns/marcxchange-v1"><marcx:leader>00000n    2200000   4500</marcx:leader><marcx:datafield tag="001" ind1="0" ind2="0"><marcx:subfield code="a">41978031</marcx:subfield><marcx:subfield code="b">191919</marcx:subfield><marcx:subfield code="c">19990510205648</marcx:subfield><marcx:subfield code="d">19990510</marcx:subfield><marcx:subfield code="f">a</marcx:subfield></marcx:datafield><marcx:datafield tag="002" ind1="0" ind2="0"><marcx:subfield code="b">718100</marcx:subfield><marcx:subfield code="c">90123602</marcx:subfield><marcx:subfield code="x">71810090123602</marcx:subfield></marcx:datafield><marcx:datafield tag="004" ind1="0" ind2="0"><marcx:subfield code="r">n</marcx:subfield><marcx:subfield code="a">e</marcx:subfield></marcx:datafield><marcx:datafield tag="008" ind1="0" ind2="0"><marcx:subfield code="t">s</marcx:subfield><marcx:subfield code="v">0</marcx:subfield></marcx:datafield><marcx:datafield tag="009" ind1="0" ind2="0"><marcx:subfield code="a">s</marcx:subfield><marcx:subfield code="g">xc</marcx:subfield></marcx:datafield><marcx:datafield tag="039" ind1="0" ind2="0"><marcx:subfield code="a">jaz</marcx:subfield></marcx:datafield><marcx:datafield tag="100" ind1="0" ind2="0"><marcx:subfield code="a">Braff</marcx:subfield><marcx:subfield code="h">Ruby</marcx:subfield></marcx:datafield><marcx:datafield tag="245" ind1="0" ind2="0"><marcx:subfield code="a">Easy now</marcx:subfield><marcx:subfield code="e">Ruby Braff and his Men (Roy Eldridge, Hank Jones, Mundell Lowe, Emmett Berry, Vic Dickenson, Bob Wilber, Marty Napoleon ... et al)</marcx:subfield></marcx:datafield><marcx:datafield tag="260" ind1="0" ind2="0"><marcx:subfield code="b">RCA Victor</marcx:subfield></marcx:datafield><marcx:datafield tag="440" ind1="0" ind2="0"><marcx:subfield code="0"/><marcx:subfield code="a">Jazz classics</marcx:subfield></marcx:datafield><marcx:datafield tag="520" ind1="0" ind2="0"><marcx:subfield code="a">Indspillet i New York City august 1958</marcx:subfield></marcx:datafield><marcx:datafield tag="531" ind1="0" ind2="0"><marcx:subfield code="a">Indhold:</marcx:subfield></marcx:datafield><marcx:datafield tag="538" ind1="0" ind2="0"><marcx:subfield code="f">RCA Victor</marcx:subfield><marcx:subfield code="g">74321 18522 2</marcx:subfield></marcx:datafield><marcx:datafield tag="652" ind1="0" ind2="0"><marcx:subfield code="m">78.793</marcx:subfield><marcx:subfield code="v">3</marcx:subfield></marcx:datafield><marcx:datafield tag="666" ind1="0" ind2="0"><marcx:subfield code="m">jazz</marcx:subfield><marcx:subfield code="m">swing</marcx:subfield><marcx:subfield code="n">instrumental</marcx:subfield><marcx:subfield code="n">trompet</marcx:subfield><marcx:subfield code="n">kornet</marcx:subfield><marcx:subfield code="p">1950-1959</marcx:subfield><marcx:subfield code="l">USA</marcx:subfield></marcx:datafield><marcx:datafield tag="700" ind1="0" ind2="0"><marcx:subfield code="a">Eldridge</marcx:subfield><marcx:subfield code="h">Roy</marcx:subfield></marcx:datafield><marcx:datafield tag="700" ind1="0" ind2="0"><marcx:subfield code="a">Jones</marcx:subfield><marcx:subfield code="h">Hank</marcx:subfield></marcx:datafield><marcx:datafield tag="700" ind1="0" ind2="0"><marcx:subfield code="a">Lowe</marcx:subfield><marcx:subfield code="h">Mundell</marcx:subfield></marcx:datafield><marcx:datafield tag="700" ind1="0" ind2="0"><marcx:subfield code="a">Berry</marcx:subfield><marcx:subfield code="h">Emmett</marcx:subfield></marcx:datafield><marcx:datafield tag="700" ind1="0" ind2="0"><marcx:subfield code="a">Dickenson</marcx:subfield><marcx:subfield code="h">Vic</marcx:subfield></marcx:datafield><marcx:datafield tag="700" ind1="0" ind2="0"><marcx:subfield code="a">Wilber</marcx:subfield><marcx:subfield code="h">Bob</marcx:subfield></marcx:datafield><marcx:datafield tag="700" ind1="0" ind2="0"><marcx:subfield code="a">Napoleon</marcx:subfield><marcx:subfield code="h">Marty</marcx:subfield></marcx:datafield><marcx:datafield tag="795" ind1="0" ind2="0"><marcx:subfield code="å">11</marcx:subfield><marcx:subfield code="a">My walkin' stick</marcx:subfield><marcx:subfield code="a">Willow weep for me</marcx:subfield><marcx:subfield code="a">When my sugar walks down the street</marcx:subfield><marcx:subfield code="a">The ¤song is ended but the melody lingers on</marcx:subfield><marcx:subfield code="a">Give my regards to Broadway</marcx:subfield><marcx:subfield code="a">This is my lucky day</marcx:subfield><marcx:subfield code="a">Someday you'll be sorry</marcx:subfield><marcx:subfield code="a">Yesterdays</marcx:subfield><marcx:subfield code="a">For now</marcx:subfield><marcx:subfield code="a">I just couldn't take it, baby</marcx:subfield><marcx:subfield code="a">Little man, you've had a busy day</marcx:subfield></marcx:datafield><marcx:datafield tag="996" ind1="0" ind2="0"><marcx:subfield code="a">718100</marcx:subfield></marcx:datafield></marcx:record>