
<record xsi:schemaLocation="http://www.loc.gov/standards/iso25577/marcxchange-1-1.xsd" xmlns="info:lc/xmlns/marcxchange-v1" xmlns:xsi="http://www.w3.org/2001/XMLSchema-instance"><leader>00000n    2200000   4500</leader><datafield tag="001" ind1="0" ind2="0"><subfield code="a">45706575</subfield><subfield code="b">191919</subfield><subfield code="c">20150827141702</subfield><subfield code="d">20150827</subfield><subfield code="f">a</subfield></datafield><datafield tag="002" ind1="0" ind2="0"><subfield code="b">733000</subfield><subfield code="c">90535056</subfield><subfield code="x">73300090535056</subfield></datafield><datafield tag="004" ind1="0" ind2="0"><subfield code="r">c</subfield><subfield code="a">e</subfield></datafield><datafield tag="008" ind1="0" ind2="0"><subfield code="t">m</subfield><subfield code="a">2014</subfield><subfield code="b">gb</subfield><subfield code="j">f</subfield><subfield code="l">eng</subfield><subfield code="v">4</subfield></datafield><datafield tag="009" ind1="0" ind2="0"><subfield code="a">a</subfield><subfield code="g">xx</subfield></datafield><datafield tag="021" ind1="0" ind2="0"><subfield code="e">9780751550368</subfield></datafield><datafield tag="100" ind1="0" ind2="0"><subfield code="a">Wilson</subfield><subfield code="h">D.K.</subfield><subfield code="4">aut</subfield></datafield><datafield tag="245" ind1="0" ind2="0"><subfield code="a">The ¤first horseman</subfield></datafield><datafield tag="260" ind1="0" ind2="0"><subfield code="a">London</subfield><subfield code="b">Sphere</subfield><subfield code="c">2014</subfield></datafield><datafield tag="300" ind1="0" ind2="0"><subfield code="a">512 sider</subfield></datafield><datafield tag="440" ind1="0" ind2="0"><subfield code="a">Thomas Triviot</subfield><subfield code="v">1</subfield></datafield><datafield tag="600" ind1="0" ind2="0"><subfield code="a">Henry</subfield><subfield code="E">8</subfield><subfield code="e">VIII</subfield><subfield code="f">konge af England</subfield></datafield><datafield tag="631" ind1="0" ind2="0"><subfield code="s">Tudor-tiden</subfield></datafield><datafield tag="652" ind1="0" ind2="0"><subfield code="m">83</subfield></datafield><datafield tag="666" ind1="0" ind2="0"><subfield code="s">krimi</subfield></datafield><datafield tag="666" ind1="0" ind2="0"><subfield code="s">historiske romaner</subfield></datafield><datafield tag="666" ind1="0" ind2="0"><subfield code="q">England</subfield></datafield><datafield tag="666" ind1="0" ind2="0"><subfield code="i">1500-1599</subfield></datafield><datafield tag="996" ind1="0" ind2="0"><subfield code="a">733000</subfield></datafield></record>