
<record xsi:schemaLocation="http://www.loc.gov/standards/iso25577/marcxchange-1-1.xsd" xmlns="info:lc/xmlns/marcxchange-v1" xmlns:xsi="http://www.w3.org/2001/XMLSchema-instance"><leader>00000n    2200000   4500</leader><datafield tag="001" ind1="0" ind2="0"><subfield code="a">45706583</subfield><subfield code="b">191919</subfield><subfield code="c">20150827141703</subfield><subfield code="d">20150827</subfield><subfield code="f">a</subfield></datafield><datafield tag="002" ind1="0" ind2="0"><subfield code="b">733000</subfield><subfield code="c">90535064</subfield><subfield code="x">73300090535064</subfield></datafield><datafield tag="004" ind1="0" ind2="0"><subfield code="r">c</subfield><subfield code="a">e</subfield></datafield><datafield tag="008" ind1="0" ind2="0"><subfield code="t">m</subfield><subfield code="u">f</subfield><subfield code="a">2014</subfield><subfield code="b">gb</subfield><subfield code="d">x</subfield><subfield code="l">eng</subfield><subfield code="o">b</subfield><subfield code="v">4</subfield></datafield><datafield tag="009" ind1="0" ind2="0"><subfield code="a">a</subfield><subfield code="g">xx</subfield></datafield><datafield tag="021" ind1="0" ind2="0"><subfield code="e">9781407144412</subfield></datafield><datafield tag="038" ind1="0" ind2="0"><subfield code="a">bi</subfield></datafield><datafield tag="100" ind1="0" ind2="0"><subfield code="a">Donaldson</subfield><subfield code="h">Julia</subfield><subfield code="4">aut</subfield></datafield><datafield tag="245" ind1="0" ind2="0"><subfield code="a">The ¤Scarecrow's wedding</subfield></datafield><datafield tag="260" ind1="0" ind2="0"><subfield code="a">London</subfield><subfield code="b">Scholastic</subfield><subfield code="c">2014</subfield></datafield><datafield tag="300" ind1="0" ind2="0"><subfield code="a">32 sider</subfield><subfield code="b">alle ill. i farver</subfield></datafield><datafield tag="652" ind1="0" ind2="0"><subfield code="m">83</subfield></datafield><datafield tag="700" ind1="0" ind2="0"><subfield code="a">Scheffler</subfield><subfield code="h">Axel</subfield><subfield code="4">ill</subfield></datafield><datafield tag="996" ind1="0" ind2="0"><subfield code="a">733000</subfield></datafield></record>