
<marcx:record format="danMARC2" type="Bibliographic" xmlns:marcx="info:lc/xmlns/marcxchange-v1"><marcx:leader>00000n    2200000   4500</marcx:leader><marcx:datafield tag="001" ind1="0" ind2="0"><marcx:subfield code="a">41978066</marcx:subfield><marcx:subfield code="b">191919</marcx:subfield><marcx:subfield code="c">19990510205658</marcx:subfield><marcx:subfield code="d">19990510</marcx:subfield><marcx:subfield code="f">a</marcx:subfield></marcx:datafield><marcx:datafield tag="002" ind1="0" ind2="0"><marcx:subfield code="b">718100</marcx:subfield><marcx:subfield code="c">90123629</marcx:subfield><marcx:subfield code="x">71810090123629</marcx:subfield></marcx:datafield><marcx:datafield tag="004" ind1="0" ind2="0"><marcx:subfield code="r">n</marcx:subfield><marcx:subfield code="a">e</marcx:subfield></marcx:datafield><marcx:datafield tag="008" ind1="0" ind2="0"><marcx:subfield code="t">s</marcx:subfield><marcx:subfield code="v">0</marcx:subfield></marcx:datafield><marcx:datafield tag="009" ind1="0" ind2="0"><marcx:subfield code="a">s</marcx:subfield><marcx:subfield code="g">xc</marcx:subfield></marcx:datafield><marcx:datafield tag="039" ind1="0" ind2="0"><marcx:subfield code="a">jaz</marcx:subfield></marcx:datafield><marcx:datafield tag="100" ind1="0" ind2="0"><marcx:subfield code="a">Clayton</marcx:subfield><marcx:subfield code="h">Buck</marcx:subfield></marcx:datafield><marcx:datafield tag="245" ind1="0" ind2="0"><marcx:subfield code="a">Buck special</marcx:subfield><marcx:subfield code="e">Buck Clayton med Bill Coleman, Don Byas, Alix Combelle, Charlie Lewis, André Persiany, Wallace Bishop, Merrill Steppter ... et al</marcx:subfield></marcx:datafield><marcx:datafield tag="260" ind1="0" ind2="0"><marcx:subfield code="b">Vogue</marcx:subfield></marcx:datafield><marcx:datafield tag="440" ind1="0" ind2="0"><marcx:subfield code="0"/><marcx:subfield code="a">American jazz in Paris</marcx:subfield></marcx:datafield><marcx:datafield tag="520" ind1="0" ind2="0"><marcx:subfield code="a">Indspillet i Paris 1949 og 1953</marcx:subfield></marcx:datafield><marcx:datafield tag="531" ind1="0" ind2="0"><marcx:subfield code="a">Indhold:</marcx:subfield></marcx:datafield><marcx:datafield tag="538" ind1="0" ind2="0"><marcx:subfield code="f">Vogue</marcx:subfield><marcx:subfield code="g">74321115132</marcx:subfield></marcx:datafield><marcx:datafield tag="652" ind1="0" ind2="0"><marcx:subfield code="m">78.793</marcx:subfield><marcx:subfield code="v">3</marcx:subfield></marcx:datafield><marcx:datafield tag="666" ind1="0" ind2="0"><marcx:subfield code="m">jazz</marcx:subfield><marcx:subfield code="m">swing</marcx:subfield><marcx:subfield code="n">trompet</marcx:subfield><marcx:subfield code="n">big band</marcx:subfield><marcx:subfield code="n">instrumental</marcx:subfield><marcx:subfield code="p">1940-1949</marcx:subfield><marcx:subfield code="p">1950-1959</marcx:subfield><marcx:subfield code="l">USA</marcx:subfield><marcx:subfield code="l">Frankrig</marcx:subfield></marcx:datafield><marcx:datafield tag="700" ind1="0" ind2="0"><marcx:subfield code="a">Coleman</marcx:subfield><marcx:subfield code="h">Bill</marcx:subfield></marcx:datafield><marcx:datafield tag="700" ind1="0" ind2="0"><marcx:subfield code="a">Byas</marcx:subfield><marcx:subfield code="h">Don</marcx:subfield></marcx:datafield><marcx:datafield tag="700" ind1="0" ind2="0"><marcx:subfield code="a">Combelle</marcx:subfield><marcx:subfield code="h">Alix</marcx:subfield></marcx:datafield><marcx:datafield tag="700" ind1="0" ind2="0"><marcx:subfield code="a">Lewis</marcx:subfield><marcx:subfield code="h">Charlie</marcx:subfield></marcx:datafield><marcx:datafield tag="700" ind1="0" ind2="0"><marcx:subfield code="a">Persiany</marcx:subfield><marcx:subfield code="h">André</marcx:subfield></marcx:datafield><marcx:datafield tag="700" ind1="0" ind2="0"><marcx:subfield code="a">Bishop</marcx:subfield><marcx:subfield code="h">Wallace</marcx:subfield></marcx:datafield><marcx:datafield tag="700" ind1="0" ind2="0"><marcx:subfield code="a">Steppter</marcx:subfield><marcx:subfield code="h">Merrill</marcx:subfield></marcx:datafield><marcx:datafield tag="795" ind1="0" ind2="0"><marcx:subfield code="å">11</marcx:subfield><marcx:subfield code="a">High tide</marcx:subfield><marcx:subfield code="a">Swingin' at sundown</marcx:subfield><marcx:subfield code="a">Who's sorry now</marcx:subfield><marcx:subfield code="a">Sugar blues</marcx:subfield><marcx:subfield code="a">Blues in first</marcx:subfield><marcx:subfield code="a">Blues in second</marcx:subfield><marcx:subfield code="a">Don's blues</marcx:subfield><marcx:subfield code="a">Uncle Buck</marcx:subfield><marcx:subfield code="a">Buck special</marcx:subfield><marcx:subfield code="a">Night life</marcx:subfield><marcx:subfield code="a">Perdido</marcx:subfield><marcx:subfield code="a">B.C. &amp; B.C.</marcx:subfield><marcx:subfield code="a">Sweet Georgia Brown</marcx:subfield><marcx:subfield code="a">Sahiva boogie</marcx:subfield><marcx:subfield code="a">Pulsation du rythme</marcx:subfield><marcx:subfield code="a">Promenade blues</marcx:subfield><marcx:subfield code="a">Bonds et rebonds</marcx:subfield><marcx:subfield code="a">Qui?</marcx:subfield><marcx:subfield code="a">Chocs sonores</marcx:subfield><marcx:subfield code="a">Blues en cuivres</marcx:subfield><marcx:subfield code="a">Relax Alix</marcx:subfield></marcx:datafield><marcx:datafield tag="996" ind1="0" ind2="0"><marcx:subfield code="a">718100</marcx:subfield></marcx:datafield></marcx:record>