
<marcx:record format="danMARC2" type="Bibliographic" xmlns:marcx="info:lc/xmlns/marcxchange-v1"><marcx:leader>00000n    2200000   4500</marcx:leader><marcx:datafield tag="001" ind1="0" ind2="0"><marcx:subfield code="a">22447459</marcx:subfield><marcx:subfield code="b">191919</marcx:subfield><marcx:subfield code="c">20050825212940</marcx:subfield><marcx:subfield code="d">19990512</marcx:subfield><marcx:subfield code="f">a</marcx:subfield></marcx:datafield><marcx:datafield tag="004" ind1="0" ind2="0"><marcx:subfield code="r">n</marcx:subfield><marcx:subfield code="a">e</marcx:subfield></marcx:datafield><marcx:datafield tag="005" ind1="0" ind2="0"><marcx:subfield code="h">e</marcx:subfield></marcx:datafield><marcx:datafield tag="008" ind1="0" ind2="0"><marcx:subfield code="t">s</marcx:subfield><marcx:subfield code="u">f</marcx:subfield><marcx:subfield code="a">1999</marcx:subfield><marcx:subfield code="b">us</marcx:subfield><marcx:subfield code="l">mul</marcx:subfield><marcx:subfield code="v">0</marcx:subfield></marcx:datafield><marcx:datafield tag="009" ind1="0" ind2="0"><marcx:subfield code="a">s</marcx:subfield><marcx:subfield code="g">xc</marcx:subfield></marcx:datafield><marcx:datafield tag="021" ind1="0" ind2="0"><marcx:subfield code="d">kr. 147,00</marcx:subfield></marcx:datafield><marcx:datafield tag="032" ind1="0" ind2="0"><marcx:subfield code="x">SFG199921</marcx:subfield><marcx:subfield code="x">DAT200021</marcx:subfield><marcx:subfield code="x">DAT990036</marcx:subfield><marcx:subfield code="x">DAT990535</marcx:subfield></marcx:datafield><marcx:datafield tag="039" ind1="0" ind2="0"><marcx:subfield code="a">fol</marcx:subfield><marcx:subfield code="b">us</marcx:subfield></marcx:datafield><marcx:datafield tag="041" ind1="0" ind2="0"><marcx:subfield code="p">eng</marcx:subfield><marcx:subfield code="p">fre</marcx:subfield></marcx:datafield><marcx:datafield tag="110" ind1="0" ind2="0"><marcx:subfield code="a">Beausoleil</marcx:subfield></marcx:datafield><marcx:datafield tag="245" ind1="0" ind2="0"><marcx:subfield code="a">Cajunization</marcx:subfield><marcx:subfield code="e">Beausoleil (Michael Doucet, David Doucet, Jimmy Breaux, Al Tharp, Tommy Alesi, Billy Ware) with Danny DeVillier, Jerry Douglas, Sonny Landreth, Carl Landry, Gerry McGee ... [et al.]</marcx:subfield></marcx:datafield><marcx:datafield tag="260" ind1="0" ind2="0"><marcx:subfield code="b">EMI</marcx:subfield></marcx:datafield><marcx:datafield tag="260" ind1="0" ind2="0"><marcx:subfield code="a">Los Angeles</marcx:subfield><marcx:subfield code="b">Rhino</marcx:subfield><marcx:subfield code="c">p 1999</marcx:subfield></marcx:datafield><marcx:datafield tag="300" ind1="0" ind2="0"><marcx:subfield code="n">1 cd</marcx:subfield></marcx:datafield><marcx:datafield tag="512" ind1="0" ind2="0"><marcx:subfield code="a">Indspillet i Los Angeles 1998</marcx:subfield></marcx:datafield><marcx:datafield tag="512" ind1="0" ind2="0"><marcx:subfield code="a">Tekster på omslag</marcx:subfield></marcx:datafield><marcx:datafield tag="531" ind1="0" ind2="0"><marcx:subfield code="a">Indhold:</marcx:subfield></marcx:datafield><marcx:datafield tag="538" ind1="0" ind2="0"><marcx:subfield code="f">Rhino</marcx:subfield><marcx:subfield code="g">R2 75633</marcx:subfield></marcx:datafield><marcx:datafield tag="652" ind1="0" ind2="0"><marcx:subfield code="m">78.7863</marcx:subfield></marcx:datafield><marcx:datafield tag="666" ind1="0" ind2="0"><marcx:subfield code="0"/><marcx:subfield code="m">cajun</marcx:subfield><marcx:subfield code="m">blues</marcx:subfield><marcx:subfield code="m">folkemusik</marcx:subfield><marcx:subfield code="n">vokal</marcx:subfield><marcx:subfield code="n">violin</marcx:subfield><marcx:subfield code="n">accordeon</marcx:subfield><marcx:subfield code="n">harmonika</marcx:subfield><marcx:subfield code="p">1990-1999</marcx:subfield><marcx:subfield code="l">USA</marcx:subfield></marcx:datafield><marcx:datafield tag="700" ind1="0" ind2="0"><marcx:subfield code="a">Doucet</marcx:subfield><marcx:subfield code="h">Michael</marcx:subfield></marcx:datafield><marcx:datafield tag="700" ind1="0" ind2="0"><marcx:subfield code="a">Doucet</marcx:subfield><marcx:subfield code="h">David</marcx:subfield></marcx:datafield><marcx:datafield tag="700" ind1="0" ind2="0"><marcx:subfield code="a">Breaux</marcx:subfield><marcx:subfield code="h">Jimmy</marcx:subfield></marcx:datafield><marcx:datafield tag="700" ind1="0" ind2="0"><marcx:subfield code="a">Ware</marcx:subfield><marcx:subfield code="h">Billy</marcx:subfield></marcx:datafield><marcx:datafield tag="700" ind1="0" ind2="0"><marcx:subfield code="a">Tharp</marcx:subfield><marcx:subfield code="h">Al</marcx:subfield></marcx:datafield><marcx:datafield tag="700" ind1="0" ind2="0"><marcx:subfield code="a">DeVillier</marcx:subfield><marcx:subfield code="h">Danny</marcx:subfield></marcx:datafield><marcx:datafield tag="700" ind1="0" ind2="0"><marcx:subfield code="a">Douglas</marcx:subfield><marcx:subfield code="h">Jerry</marcx:subfield></marcx:datafield><marcx:datafield tag="700" ind1="0" ind2="0"><marcx:subfield code="a">Landreth</marcx:subfield><marcx:subfield code="h">Sonny</marcx:subfield></marcx:datafield><marcx:datafield tag="700" ind1="0" ind2="0"><marcx:subfield code="a">Landry</marcx:subfield><marcx:subfield code="h">Carl</marcx:subfield></marcx:datafield><marcx:datafield tag="700" ind1="0" ind2="0"><marcx:subfield code="A">macgee</marcx:subfield><marcx:subfield code="a">McGee</marcx:subfield><marcx:subfield code="h">Gerry</marcx:subfield></marcx:datafield><marcx:datafield tag="700" ind1="0" ind2="0"><marcx:subfield code="a">Alesi</marcx:subfield><marcx:subfield code="h">Tommy</marcx:subfield></marcx:datafield><marcx:datafield tag="795" ind1="0" ind2="0"><marcx:subfield code="å">11</marcx:subfield><marcx:subfield code="a">La ¤terre de mon Grandpère</marcx:subfield><marcx:subfield code="a">Cajunization blues</marcx:subfield><marcx:subfield code="a">Happy one-step</marcx:subfield><marcx:subfield code="a">L'¤amour poisonné</marcx:subfield><marcx:subfield code="a">La ¤reine de coeur</marcx:subfield><marcx:subfield code="a">Cubano bayou</marcx:subfield><marcx:subfield code="a">Chanson pour Tommy</marcx:subfield><marcx:subfield code="a">Zarico boogie</marcx:subfield><marcx:subfield code="a">Recherche d'acadie</marcx:subfield><marcx:subfield code="a">Les ¤nuits à Maui</marcx:subfield><marcx:subfield code="a">Jusqu'à la nuit</marcx:subfield><marcx:subfield code="a">Les ¤blues de chaleur</marcx:subfield><marcx:subfield code="a">One-step à choupique</marcx:subfield><marcx:subfield code="a">Atchafalaya pipeline</marcx:subfield></marcx:datafield><marcx:datafield tag="990" ind1="0" ind2="0"><marcx:subfield code="a">SFG</marcx:subfield><marcx:subfield code="c">C</marcx:subfield><marcx:subfield code="o">199921</marcx:subfield><marcx:subfield code="t">11.06.99</marcx:subfield></marcx:datafield><marcx:datafield tag="996" ind1="0" ind2="0"><marcx:subfield code="a">DBC</marcx:subfield></marcx:datafield></marcx:record>