
<marcx:record format="danMARC2" type="Bibliographic" xmlns:marcx="info:lc/xmlns/marcxchange-v1"><marcx:leader>00000n    2200000   4500</marcx:leader><marcx:datafield tag="001" ind1="0" ind2="0"><marcx:subfield code="a">22445456</marcx:subfield><marcx:subfield code="b">191919</marcx:subfield><marcx:subfield code="c">20011012165914</marcx:subfield><marcx:subfield code="d">19990511</marcx:subfield><marcx:subfield code="f">a</marcx:subfield></marcx:datafield><marcx:datafield tag="004" ind1="0" ind2="0"><marcx:subfield code="r">n</marcx:subfield><marcx:subfield code="a">e</marcx:subfield></marcx:datafield><marcx:datafield tag="008" ind1="0" ind2="0"><marcx:subfield code="t">s</marcx:subfield><marcx:subfield code="u">f</marcx:subfield><marcx:subfield code="a">1999</marcx:subfield><marcx:subfield code="b">us</marcx:subfield><marcx:subfield code="v">0</marcx:subfield></marcx:datafield><marcx:datafield tag="009" ind1="0" ind2="0"><marcx:subfield code="a">s</marcx:subfield><marcx:subfield code="g">xc</marcx:subfield></marcx:datafield><marcx:datafield tag="021" ind1="0" ind2="0"><marcx:subfield code="d">kr. 139,00</marcx:subfield></marcx:datafield><marcx:datafield tag="032" ind1="0" ind2="0"><marcx:subfield code="x">SFG199921</marcx:subfield><marcx:subfield code="x">DAT200142</marcx:subfield></marcx:datafield><marcx:datafield tag="039" ind1="0" ind2="0"><marcx:subfield code="a">jaz</marcx:subfield></marcx:datafield><marcx:datafield tag="100" ind1="0" ind2="0"><marcx:subfield code="a">Hall</marcx:subfield><marcx:subfield code="h">Jim</marcx:subfield></marcx:datafield><marcx:datafield tag="245" ind1="0" ind2="0"><marcx:subfield code="a">Jim Hall &amp; Pat Metheny</marcx:subfield><marcx:subfield code="e">Jim Hall &amp; Pat Metheny</marcx:subfield></marcx:datafield><marcx:datafield tag="260" ind1="0" ind2="0"><marcx:subfield code="a">Cleveland, Ohio</marcx:subfield><marcx:subfield code="b">Telarc Jazz</marcx:subfield><marcx:subfield code="c">p 1999</marcx:subfield></marcx:datafield><marcx:datafield tag="300" ind1="0" ind2="0"><marcx:subfield code="n">1 cd</marcx:subfield></marcx:datafield><marcx:datafield tag="512" ind1="0" ind2="0"><marcx:subfield code="a">Indspillet i New York City og Pittsburgh, Pennsylvania 1998</marcx:subfield></marcx:datafield><marcx:datafield tag="531" ind1="0" ind2="0"><marcx:subfield code="a">Indhold:</marcx:subfield></marcx:datafield><marcx:datafield tag="538" ind1="0" ind2="0"><marcx:subfield code="f">Telarc Jazz</marcx:subfield><marcx:subfield code="g">CD-83442</marcx:subfield></marcx:datafield><marcx:datafield tag="652" ind1="0" ind2="0"><marcx:subfield code="m">78.793</marcx:subfield><marcx:subfield code="v">4</marcx:subfield></marcx:datafield><marcx:datafield tag="666" ind1="0" ind2="0"><marcx:subfield code="0"/><marcx:subfield code="m">jazz</marcx:subfield><marcx:subfield code="m">bop</marcx:subfield><marcx:subfield code="n">instrumental</marcx:subfield><marcx:subfield code="n">guitar</marcx:subfield><marcx:subfield code="n">guitarduo</marcx:subfield><marcx:subfield code="p">1990-1999</marcx:subfield><marcx:subfield code="l">USA</marcx:subfield></marcx:datafield><marcx:datafield tag="700" ind1="0" ind2="0"><marcx:subfield code="a">Metheny</marcx:subfield><marcx:subfield code="h">Pat</marcx:subfield></marcx:datafield><marcx:datafield tag="795" ind1="0" ind2="0"><marcx:subfield code="å">11</marcx:subfield><marcx:subfield code="a">Lookin' up</marcx:subfield><marcx:subfield code="a">All the things you are</marcx:subfield><marcx:subfield code="a">The ¤birds and the bees</marcx:subfield><marcx:subfield code="a">Improvisation no. 1</marcx:subfield><marcx:subfield code="a">Falling grace</marcx:subfield><marcx:subfield code="a">Ballad Z</marcx:subfield><marcx:subfield code="a">Summertime</marcx:subfield><marcx:subfield code="a">Farmer's trust</marcx:subfield><marcx:subfield code="a">Cold spring</marcx:subfield><marcx:subfield code="a">Improvisation no. 2</marcx:subfield><marcx:subfield code="a">Into the dream</marcx:subfield><marcx:subfield code="a">Don't forget</marcx:subfield><marcx:subfield code="a">Improvisation no. 3</marcx:subfield><marcx:subfield code="a">Waiting to dance</marcx:subfield><marcx:subfield code="a">Improvisation no. 4</marcx:subfield><marcx:subfield code="a">Improvisation no. 5</marcx:subfield><marcx:subfield code="a">All across the city</marcx:subfield></marcx:datafield><marcx:datafield tag="990" ind1="0" ind2="0"><marcx:subfield code="a">SFG</marcx:subfield><marcx:subfield code="c">C</marcx:subfield><marcx:subfield code="o">199921</marcx:subfield><marcx:subfield code="t">11.06.99</marcx:subfield></marcx:datafield><marcx:datafield tag="996" ind1="0" ind2="0"><marcx:subfield code="a">DBC</marcx:subfield></marcx:datafield></marcx:record>