
<marcx:record format="danMARC2" type="Bibliographic" xmlns:marcx="info:lc/xmlns/marcxchange-v1"><marcx:leader>00000n    2200000   4500</marcx:leader><marcx:datafield tag="001" ind1="0" ind2="0"><marcx:subfield code="a">22445197</marcx:subfield><marcx:subfield code="b">191919</marcx:subfield><marcx:subfield code="c">20040901002124</marcx:subfield><marcx:subfield code="d">19990511</marcx:subfield><marcx:subfield code="f">a</marcx:subfield></marcx:datafield><marcx:datafield tag="004" ind1="0" ind2="0"><marcx:subfield code="r">n</marcx:subfield><marcx:subfield code="a">e</marcx:subfield></marcx:datafield><marcx:datafield tag="008" ind1="0" ind2="0"><marcx:subfield code="t">m</marcx:subfield><marcx:subfield code="u">f</marcx:subfield><marcx:subfield code="a">1999</marcx:subfield><marcx:subfield code="b">dk</marcx:subfield><marcx:subfield code="d">z</marcx:subfield><marcx:subfield code="d">u</marcx:subfield><marcx:subfield code="l">dan</marcx:subfield><marcx:subfield code="v">0</marcx:subfield></marcx:datafield><marcx:datafield tag="009" ind1="0" ind2="0"><marcx:subfield code="a">a</marcx:subfield><marcx:subfield code="g">xx</marcx:subfield></marcx:datafield><marcx:datafield tag="021" ind1="0" ind2="0"><marcx:subfield code="a">87-88598-33-0</marcx:subfield><marcx:subfield code="c">hf.</marcx:subfield><marcx:subfield code="d">kr. 125,00</marcx:subfield></marcx:datafield><marcx:datafield tag="032" ind1="0" ind2="0"><marcx:subfield code="a">DBF199922</marcx:subfield><marcx:subfield code="x">SFD199922</marcx:subfield><marcx:subfield code="x">DAT200436</marcx:subfield></marcx:datafield><marcx:datafield tag="245" ind1="0" ind2="0"><marcx:subfield code="a">Poul Winther</marcx:subfield><marcx:subfield code="e">redaktører og billedudvalg: Poul Winther &amp; Marianne Ilkjær</marcx:subfield></marcx:datafield><marcx:datafield tag="260" ind1="0" ind2="0"><marcx:subfield code="a">[Hjørring]</marcx:subfield><marcx:subfield code="b">[Hjørring Kunstmuseum]</marcx:subfield><marcx:subfield code="c">1999</marcx:subfield><marcx:subfield code="k">Vendia Offset, Hjørring</marcx:subfield></marcx:datafield><marcx:datafield tag="300" ind1="0" ind2="0"><marcx:subfield code="a">56 sider</marcx:subfield><marcx:subfield code="b">ill. i farver</marcx:subfield><marcx:subfield code="c">30 cm</marcx:subfield></marcx:datafield><marcx:datafield tag="504" ind1="0" ind2="0"><marcx:subfield code="&amp;">1</marcx:subfield><marcx:subfield code="a">Gengivelser af malerier og enkelte skulpturer af kunstneren Poul Winther (f. 1939)</marcx:subfield></marcx:datafield><marcx:datafield tag="507" ind1="0" ind2="0"><marcx:subfield code="a">Udgivet i forbindelse med udstilling på Hjørring Kunstmuseum, 20.2.-11.4.1999 og Kastrupgårdsamlingen, 21.4.-6.6.1999</marcx:subfield></marcx:datafield><marcx:datafield tag="512" ind1="0" ind2="0"><marcx:subfield code="i">Værker af</marcx:subfield><marcx:subfield code="e">Poul Winther</marcx:subfield></marcx:datafield><marcx:datafield tag="600" ind1="0" ind2="0"><marcx:subfield code="a">Winther</marcx:subfield><marcx:subfield code="h">Poul</marcx:subfield></marcx:datafield><marcx:datafield tag="652" ind1="0" ind2="0"><marcx:subfield code="m">72</marcx:subfield><marcx:subfield code="a">Winther</marcx:subfield><marcx:subfield code="h">Poul</marcx:subfield></marcx:datafield><marcx:datafield tag="666" ind1="0" ind2="0"><marcx:subfield code="0"/><marcx:subfield code="f">dansk malerkunst</marcx:subfield></marcx:datafield><marcx:datafield tag="666" ind1="0" ind2="0"><marcx:subfield code="0"/><marcx:subfield code="f">malerkunst</marcx:subfield></marcx:datafield><marcx:datafield tag="666" ind1="0" ind2="0"><marcx:subfield code="0"/><marcx:subfield code="i">1960-1969</marcx:subfield></marcx:datafield><marcx:datafield tag="666" ind1="0" ind2="0"><marcx:subfield code="0"/><marcx:subfield code="i">1970-1979</marcx:subfield></marcx:datafield><marcx:datafield tag="666" ind1="0" ind2="0"><marcx:subfield code="0"/><marcx:subfield code="i">1980-1989</marcx:subfield></marcx:datafield><marcx:datafield tag="666" ind1="0" ind2="0"><marcx:subfield code="0"/><marcx:subfield code="i">1990-1999</marcx:subfield></marcx:datafield><marcx:datafield tag="666" ind1="0" ind2="0"><marcx:subfield code="0"/><marcx:subfield code="o">billedværker</marcx:subfield></marcx:datafield><marcx:datafield tag="666" ind1="0" ind2="0"><marcx:subfield code="0"/><marcx:subfield code="o">udstillingskataloger</marcx:subfield></marcx:datafield><marcx:datafield tag="700" ind1="0" ind2="0"><marcx:subfield code="0"/><marcx:subfield code="a">Winther</marcx:subfield><marcx:subfield code="h">Poul</marcx:subfield></marcx:datafield><marcx:datafield tag="700" ind1="0" ind2="0"><marcx:subfield code="0"/><marcx:subfield code="å">1</marcx:subfield><marcx:subfield code="a">Ilkjær</marcx:subfield><marcx:subfield code="h">Marianne</marcx:subfield></marcx:datafield><marcx:datafield tag="710" ind1="0" ind2="0"><marcx:subfield code="a">Hjørring Kunstmuseum</marcx:subfield></marcx:datafield><marcx:datafield tag="710" ind1="0" ind2="0"><marcx:subfield code="a">Kastrupgårdsamlingen</marcx:subfield></marcx:datafield><marcx:datafield tag="900" ind1="0" ind2="0"><marcx:subfield code="0"/><marcx:subfield code="a">Ilkjær</marcx:subfield><marcx:subfield code="h">Marianne Olsson</marcx:subfield><marcx:subfield code="w">se også under det senere navn</marcx:subfield><marcx:subfield code="z">700/1</marcx:subfield></marcx:datafield><marcx:datafield tag="990" ind1="0" ind2="0"><marcx:subfield code="a">SFD</marcx:subfield><marcx:subfield code="o">199922</marcx:subfield><marcx:subfield code="c">H</marcx:subfield></marcx:datafield><marcx:datafield tag="996" ind1="0" ind2="0"><marcx:subfield code="a">DBC</marcx:subfield></marcx:datafield></marcx:record>