
<record xsi:schemaLocation="http://www.loc.gov/standards/iso25577/marcxchange-1-1.xsd" xmlns="info:lc/xmlns/marcxchange-v1" xmlns:xsi="http://www.w3.org/2001/XMLSchema-instance"><leader>00000n    2200000   4500</leader><datafield tag="001" ind1="0" ind2="0"><subfield code="a">51911369</subfield><subfield code="b">191919</subfield><subfield code="c">20150914103328</subfield><subfield code="d">20150827</subfield><subfield code="f">a</subfield></datafield><datafield tag="004" ind1="0" ind2="0"><subfield code="r">n</subfield><subfield code="a">e</subfield></datafield><datafield tag="008" ind1="0" ind2="0"><subfield code="t">m</subfield><subfield code="u">f</subfield><subfield code="a">2015</subfield><subfield code="b">dk</subfield><subfield code="d">å</subfield><subfield code="d">y</subfield><subfield code="l">dan</subfield><subfield code="x">04</subfield><subfield code="v">0</subfield></datafield><datafield tag="009" ind1="0" ind2="0"><subfield code="a">a</subfield><subfield code="g">xx</subfield></datafield><datafield tag="021" ind1="0" ind2="0"><subfield code="c">Hf.</subfield></datafield><datafield tag="032" ind1="0" ind2="0"><subfield code="x">ACC201535</subfield><subfield code="a">DBF201540</subfield></datafield><datafield tag="245" ind1="0" ind2="0"><subfield code="a">Nye rammevilkår for topledelse</subfield></datafield><datafield tag="260" ind1="0" ind2="0"><subfield code="a">Kbh.</subfield><subfield code="b">KL</subfield><subfield code="c">[2015]</subfield></datafield><datafield tag="300" ind1="0" ind2="0"><subfield code="a">23 sider</subfield></datafield><datafield tag="521" ind1="0" ind2="0"><subfield code="&amp;">REX</subfield><subfield code="b">1. oplag</subfield><subfield code="c">[2015]</subfield></datafield><datafield tag="652" ind1="0" ind2="0"><subfield code="m">36.1</subfield></datafield><datafield tag="710" ind1="0" ind2="0"><subfield code="a">KL</subfield></datafield><datafield tag="910" ind1="0" ind2="0"><subfield code="a">Kommunernes Landsforening</subfield><subfield code="z">710</subfield></datafield><datafield tag="996" ind1="0" ind2="0"><subfield code="a">DBC</subfield></datafield></record>