
<marcx:record format="danMARC2" type="Bibliographic" xmlns:marcx="info:lc/xmlns/marcxchange-v1"><marcx:leader>00000n    2200000   4500</marcx:leader><marcx:datafield tag="001" ind1="0" ind2="0"><marcx:subfield code="a">41977116</marcx:subfield><marcx:subfield code="b">191919</marcx:subfield><marcx:subfield code="c">20040519171420</marcx:subfield><marcx:subfield code="d">19990510</marcx:subfield><marcx:subfield code="f">a</marcx:subfield></marcx:datafield><marcx:datafield tag="002" ind1="0" ind2="0"><marcx:subfield code="b">736900</marcx:subfield><marcx:subfield code="c">90318179</marcx:subfield><marcx:subfield code="x">73690090318179</marcx:subfield></marcx:datafield><marcx:datafield tag="004" ind1="0" ind2="0"><marcx:subfield code="r">n</marcx:subfield><marcx:subfield code="a">e</marcx:subfield></marcx:datafield><marcx:datafield tag="008" ind1="0" ind2="0"><marcx:subfield code="t">s</marcx:subfield><marcx:subfield code="v">4</marcx:subfield></marcx:datafield><marcx:datafield tag="009" ind1="0" ind2="0"><marcx:subfield code="a">s</marcx:subfield><marcx:subfield code="g">xh</marcx:subfield></marcx:datafield><marcx:datafield tag="039" ind1="0" ind2="0"><marcx:subfield code="a">mub</marcx:subfield></marcx:datafield><marcx:datafield tag="245" ind1="0" ind2="0"><marcx:subfield code="a">Easy songs</marcx:subfield></marcx:datafield><marcx:datafield tag="260" ind1="0" ind2="0"><marcx:subfield code="b">Funtime Favourite</marcx:subfield></marcx:datafield><marcx:datafield tag="531" ind1="0" ind2="0"><marcx:subfield code="a">Indhold:</marcx:subfield></marcx:datafield><marcx:datafield tag="538" ind1="0" ind2="0"><marcx:subfield code="f">Funtime Favourite</marcx:subfield><marcx:subfield code="g">FT 121</marcx:subfield></marcx:datafield><marcx:datafield tag="652" ind1="0" ind2="0"><marcx:subfield code="m">78.69</marcx:subfield></marcx:datafield><marcx:datafield tag="666" ind1="0" ind2="0"><marcx:subfield code="m">børnemusik</marcx:subfield><marcx:subfield code="m">børnesange</marcx:subfield><marcx:subfield code="n">vokal</marcx:subfield><marcx:subfield code="n">vokal</marcx:subfield><marcx:subfield code="l">England</marcx:subfield></marcx:datafield><marcx:datafield tag="795" ind1="0" ind2="0"><marcx:subfield code="å">11</marcx:subfield><marcx:subfield code="a">I saw three ships</marcx:subfield><marcx:subfield code="a">The ¤wheels on my bike</marcx:subfield><marcx:subfield code="a">Bobby Shafto</marcx:subfield><marcx:subfield code="a">Oh dear, what can the matter be</marcx:subfield><marcx:subfield code="a">Ten green bottles</marcx:subfield><marcx:subfield code="a">This old man</marcx:subfield><marcx:subfield code="a">Tom Tom the pipers son</marcx:subfield><marcx:subfield code="a">The ¤animals went in two by two</marcx:subfield><marcx:subfield code="a">One man went to mow</marcx:subfield><marcx:subfield code="a">The ¤big ship</marcx:subfield></marcx:datafield><marcx:datafield tag="996" ind1="0" ind2="0"><marcx:subfield code="a">736900</marcx:subfield></marcx:datafield></marcx:record>