
<record xsi:schemaLocation="http://www.loc.gov/standards/iso25577/marcxchange-1-1.xsd" xmlns="info:lc/xmlns/marcxchange-v1" xmlns:xsi="http://www.w3.org/2001/XMLSchema-instance"><leader>00000n    2200000   4500</leader><datafield tag="001" ind1="0" ind2="0"><subfield code="a">51911393</subfield><subfield code="b">191919</subfield><subfield code="c">20150914105131</subfield><subfield code="d">20150827</subfield><subfield code="f">a</subfield></datafield><datafield tag="004" ind1="0" ind2="0"><subfield code="r">n</subfield><subfield code="a">e</subfield></datafield><datafield tag="008" ind1="0" ind2="0"><subfield code="t">m</subfield><subfield code="u">f</subfield><subfield code="a">2015</subfield><subfield code="b">dk</subfield><subfield code="d">å</subfield><subfield code="d">y</subfield><subfield code="l">mul</subfield><subfield code="x">04</subfield><subfield code="v">0</subfield></datafield><datafield tag="009" ind1="0" ind2="0"><subfield code="a">a</subfield><subfield code="g">xx</subfield></datafield><datafield tag="021" ind1="0" ind2="0"><subfield code="e">9788788376845</subfield><subfield code="c">hf.</subfield></datafield><datafield tag="032" ind1="0" ind2="0"><subfield code="x">ACC201535</subfield><subfield code="a">DBF201540</subfield></datafield><datafield tag="041" ind1="0" ind2="0"><subfield code="p">dan</subfield><subfield code="p">ger</subfield><subfield code="p">eng</subfield></datafield><datafield tag="100" ind1="0" ind2="0"><subfield code="a">Dam-Jensen</subfield><subfield code="h">Elsemarie</subfield><subfield code="4">aut</subfield></datafield><datafield tag="245" ind1="0" ind2="0"><subfield code="a">Troens landskab</subfield><subfield code="c">religion i Vestslesvig før og nu</subfield></datafield><datafield tag="260" ind1="0" ind2="0"><subfield code="a">[Tønder]</subfield><subfield code="b">Museum Sønderjylland, Kulturhistorie Tønder</subfield><subfield code="c">2014</subfield></datafield><datafield tag="300" ind1="0" ind2="0"><subfield code="a">43 sider</subfield><subfield code="b">ill. i farver</subfield></datafield><datafield tag="508" ind1="0" ind2="0"><subfield code="a">Paralleller tekster på dansk, tysk og engelsk</subfield></datafield><datafield tag="521" ind1="0" ind2="0"><subfield code="&amp;">REX</subfield><subfield code="b">1. oplag</subfield><subfield code="c">2014</subfield></datafield><datafield tag="652" ind1="0" ind2="0"><subfield code="m">27.69</subfield></datafield><datafield tag="710" ind1="0" ind2="0"><subfield code="a">Museum Sønderjylland</subfield><subfield code="c">Kulturhistorie Tønder</subfield></datafield><datafield tag="900" ind1="0" ind2="0"><subfield code="a">Jensen</subfield><subfield code="h">Elsemarie Dam-</subfield><subfield code="z">100</subfield></datafield><datafield tag="910" ind1="0" ind2="0"><subfield code="a">Kulturhistorie Tønder, Museum Sønderjylland</subfield><subfield code="z">710</subfield></datafield><datafield tag="996" ind1="0" ind2="0"><subfield code="a">DBC</subfield></datafield></record>