
<marcx:record format="danMARC2" type="Bibliographic" xmlns:marcx="info:lc/xmlns/marcxchange-v1"><marcx:leader>00000n    2200000   4500</marcx:leader><marcx:datafield tag="001" ind1="0" ind2="0"><marcx:subfield code="a">22370510</marcx:subfield><marcx:subfield code="b">191919</marcx:subfield><marcx:subfield code="c">20000515021444</marcx:subfield><marcx:subfield code="d">19990212</marcx:subfield><marcx:subfield code="f">a</marcx:subfield></marcx:datafield><marcx:datafield tag="004" ind1="0" ind2="0"><marcx:subfield code="r">n</marcx:subfield><marcx:subfield code="a">e</marcx:subfield></marcx:datafield><marcx:datafield tag="005" ind1="0" ind2="0"><marcx:subfield code="h">e</marcx:subfield></marcx:datafield><marcx:datafield tag="008" ind1="0" ind2="0"><marcx:subfield code="t">s</marcx:subfield><marcx:subfield code="u">f</marcx:subfield><marcx:subfield code="a">1998</marcx:subfield><marcx:subfield code="b">us</marcx:subfield><marcx:subfield code="l">eng</marcx:subfield><marcx:subfield code="v">0</marcx:subfield></marcx:datafield><marcx:datafield tag="009" ind1="0" ind2="0"><marcx:subfield code="a">s</marcx:subfield><marcx:subfield code="g">xc</marcx:subfield></marcx:datafield><marcx:datafield tag="021" ind1="0" ind2="0"><marcx:subfield code="d">kr. 126,00</marcx:subfield></marcx:datafield><marcx:datafield tag="032" ind1="0" ind2="0"><marcx:subfield code="x">SFG199908</marcx:subfield><marcx:subfield code="x">DAT200021</marcx:subfield></marcx:datafield><marcx:datafield tag="039" ind1="0" ind2="0"><marcx:subfield code="a">bef</marcx:subfield></marcx:datafield><marcx:datafield tag="100" ind1="0" ind2="0"><marcx:subfield code="a">TQ</marcx:subfield></marcx:datafield><marcx:datafield tag="245" ind1="0" ind2="0"><marcx:subfield code="a">They never saw me coming</marcx:subfield><marcx:subfield code="e">TQ (Terence Quaites) with Mike Mosley, Femi Ojetunde, Brycen Evans, Thomas Anderson ... [et al.]</marcx:subfield></marcx:datafield><marcx:datafield tag="260" ind1="0" ind2="0"><marcx:subfield code="a">[S.l.]</marcx:subfield><marcx:subfield code="b">ClockWork</marcx:subfield><marcx:subfield code="b">Epic</marcx:subfield><marcx:subfield code="c">p 1998</marcx:subfield></marcx:datafield><marcx:datafield tag="300" ind1="0" ind2="0"><marcx:subfield code="n">1 cd</marcx:subfield></marcx:datafield><marcx:datafield tag="512" ind1="0" ind2="0"><marcx:subfield code="a">Tekster på omslag</marcx:subfield></marcx:datafield><marcx:datafield tag="531" ind1="0" ind2="0"><marcx:subfield code="a">Indhold:</marcx:subfield></marcx:datafield><marcx:datafield tag="538" ind1="0" ind2="0"><marcx:subfield code="f">ClockWork</marcx:subfield><marcx:subfield code="f">Epic</marcx:subfield><marcx:subfield code="c">p 1998</marcx:subfield><marcx:subfield code="g">EPC 4914032</marcx:subfield></marcx:datafield><marcx:datafield tag="652" ind1="0" ind2="0"><marcx:subfield code="m">78.794</marcx:subfield><marcx:subfield code="v">4</marcx:subfield></marcx:datafield><marcx:datafield tag="666" ind1="0" ind2="0"><marcx:subfield code="0"/><marcx:subfield code="m">r&amp;b</marcx:subfield><marcx:subfield code="m">soul</marcx:subfield><marcx:subfield code="m">hip hop</marcx:subfield><marcx:subfield code="n">vokal</marcx:subfield><marcx:subfield code="n">rap</marcx:subfield><marcx:subfield code="p">1990-1999</marcx:subfield><marcx:subfield code="l">USA</marcx:subfield></marcx:datafield><marcx:datafield tag="700" ind1="0" ind2="0"><marcx:subfield code="a">Mosley</marcx:subfield><marcx:subfield code="h">Mike</marcx:subfield></marcx:datafield><marcx:datafield tag="700" ind1="0" ind2="0"><marcx:subfield code="a">Ojetunde</marcx:subfield><marcx:subfield code="h">Femi</marcx:subfield></marcx:datafield><marcx:datafield tag="700" ind1="0" ind2="0"><marcx:subfield code="a">Evans</marcx:subfield><marcx:subfield code="h">Brycen</marcx:subfield></marcx:datafield><marcx:datafield tag="700" ind1="0" ind2="0"><marcx:subfield code="a">Anderson</marcx:subfield><marcx:subfield code="h">Thomas</marcx:subfield></marcx:datafield><marcx:datafield tag="700" ind1="0" ind2="0"><marcx:subfield code="a">Jay</marcx:subfield></marcx:datafield><marcx:datafield tag="700" ind1="0" ind2="0"><marcx:subfield code="a">E-40</marcx:subfield></marcx:datafield><marcx:datafield tag="700" ind1="0" ind2="0"><marcx:subfield code="a">Tray Deee</marcx:subfield></marcx:datafield><marcx:datafield tag="700" ind1="0" ind2="0"><marcx:subfield code="a">Yancey</marcx:subfield><marcx:subfield code="h">Ericka</marcx:subfield></marcx:datafield><marcx:datafield tag="700" ind1="0" ind2="0"><marcx:subfield code="a">Too Short</marcx:subfield></marcx:datafield><marcx:datafield tag="700" ind1="0" ind2="0"><marcx:subfield code="a">Dillinger</marcx:subfield><marcx:subfield code="h">Daz</marcx:subfield></marcx:datafield><marcx:datafield tag="700" ind1="0" ind2="0"><marcx:subfield code="a">Kurupt</marcx:subfield></marcx:datafield><marcx:datafield tag="795" ind1="0" ind2="0"><marcx:subfield code="å">11</marcx:subfield><marcx:subfield code="a">Change (intro)</marcx:subfield><marcx:subfield code="a">Westside</marcx:subfield><marcx:subfield code="a">If the world was mine</marcx:subfield><marcx:subfield code="a">Paradise</marcx:subfield><marcx:subfield code="a">They never saw me coming</marcx:subfield><marcx:subfield code="e">featuring Jay</marcx:subfield><marcx:subfield code="a">Don Breezio (interlude)</marcx:subfield><marcx:subfield code="a">Gotta make that money</marcx:subfield><marcx:subfield code="e">featuring E-40</marcx:subfield><marcx:subfield code="a">I get around</marcx:subfield><marcx:subfield code="a">Remembermelinda</marcx:subfield><marcx:subfield code="a">One more lick</marcx:subfield><marcx:subfield code="e">featuring Tray Deee</marcx:subfield><marcx:subfield code="a">Ass or weed (interlude)</marcx:subfield><marcx:subfield code="a">Darlin' Mary</marcx:subfield><marcx:subfield code="a">When I get out</marcx:subfield><marcx:subfield code="e">duet with Ericka Yancey</marcx:subfield><marcx:subfield code="a">Weed or ass (interlude)</marcx:subfield><marcx:subfield code="a">Your sister</marcx:subfield><marcx:subfield code="e">featuring Too Short</marcx:subfield><marcx:subfield code="a">Bye bye baby</marcx:subfield><marcx:subfield code="a">The ¤comeback</marcx:subfield><marcx:subfield code="e">featuring Daz Dillinger and Kurupt</marcx:subfield><marcx:subfield code="a">Better days</marcx:subfield></marcx:datafield><marcx:datafield tag="795" ind1="0" ind2="0"><marcx:subfield code="å">12</marcx:subfield><marcx:subfield code="y">0</marcx:subfield><marcx:subfield code="a">Remember Melinda</marcx:subfield><marcx:subfield code="a">1 more lick</marcx:subfield></marcx:datafield><marcx:datafield tag="900" ind1="0" ind2="0"><marcx:subfield code="a">Quaites</marcx:subfield><marcx:subfield code="h">Terence</marcx:subfield><marcx:subfield code="z">100</marcx:subfield></marcx:datafield><marcx:datafield tag="990" ind1="0" ind2="0"><marcx:subfield code="a">SFG</marcx:subfield><marcx:subfield code="c">C</marcx:subfield><marcx:subfield code="o">199908</marcx:subfield><marcx:subfield code="t">12.03.99</marcx:subfield></marcx:datafield><marcx:datafield tag="996" ind1="0" ind2="0"><marcx:subfield code="a">DBC</marcx:subfield></marcx:datafield></marcx:record>