
<marcx:record format="danMARC2" type="Bibliographic" xmlns:marcx="info:lc/xmlns/marcxchange-v1"><marcx:leader>00000n    2200000   4500</marcx:leader><marcx:datafield tag="001" ind1="0" ind2="0"><marcx:subfield code="a">22445499</marcx:subfield><marcx:subfield code="b">191919</marcx:subfield><marcx:subfield code="c">20111216115550</marcx:subfield><marcx:subfield code="d">19990511</marcx:subfield><marcx:subfield code="f">a</marcx:subfield></marcx:datafield><marcx:datafield tag="004" ind1="0" ind2="0"><marcx:subfield code="r">n</marcx:subfield><marcx:subfield code="a">e</marcx:subfield></marcx:datafield><marcx:datafield tag="008" ind1="0" ind2="0"><marcx:subfield code="t">s</marcx:subfield><marcx:subfield code="u">f</marcx:subfield><marcx:subfield code="a">1999</marcx:subfield><marcx:subfield code="b">dk</marcx:subfield><marcx:subfield code="l">dan</marcx:subfield><marcx:subfield code="v">0</marcx:subfield></marcx:datafield><marcx:datafield tag="009" ind1="0" ind2="0"><marcx:subfield code="a">a</marcx:subfield><marcx:subfield code="b">c</marcx:subfield><marcx:subfield code="g">xx</marcx:subfield></marcx:datafield><marcx:datafield tag="021" ind1="0" ind2="0"><marcx:subfield code="a">87-7761-228-0</marcx:subfield><marcx:subfield code="c">hf.</marcx:subfield><marcx:subfield code="d">kr. 150,00 net.</marcx:subfield></marcx:datafield><marcx:datafield tag="032" ind1="0" ind2="0"><marcx:subfield code="a">DBF199922</marcx:subfield><marcx:subfield code="x">SKO200001</marcx:subfield><marcx:subfield code="x">SFD199922</marcx:subfield><marcx:subfield code="x">SAN198507</marcx:subfield></marcx:datafield><marcx:datafield tag="044" ind1="0" ind2="0"><marcx:subfield code="a">F</marcx:subfield><marcx:subfield code="b">58f</marcx:subfield></marcx:datafield><marcx:datafield tag="245" ind1="0" ind2="0"><marcx:subfield code="a">Den ¤blå ballon</marcx:subfield><marcx:subfield code="e">Peter Riis og John Sørensen</marcx:subfield><marcx:subfield code="f">redaktion: Ib Thorben Jensen og Jørgen Andresen</marcx:subfield><marcx:subfield code="f">illustration: Finn Jørgensen</marcx:subfield></marcx:datafield><marcx:datafield tag="250" ind1="0" ind2="0"><marcx:subfield code="a">1. udgave</marcx:subfield><marcx:subfield code="b">÷</marcx:subfield><marcx:subfield code="x">1. oplag</marcx:subfield></marcx:datafield><marcx:datafield tag="260" ind1="0" ind2="0"><marcx:subfield code="a">[Herning]</marcx:subfield><marcx:subfield code="b">Folkeskolens Musiklærerforening</marcx:subfield><marcx:subfield code="c">1999</marcx:subfield><marcx:subfield code="k">Jørn Thomsen, Kolding</marcx:subfield></marcx:datafield><marcx:datafield tag="300" ind1="0" ind2="0"><marcx:subfield code="a">60 sider</marcx:subfield><marcx:subfield code="b">ill.</marcx:subfield></marcx:datafield><marcx:datafield tag="440" ind1="0" ind2="0"><marcx:subfield code="0"/><marcx:subfield code="a">Verden rundt med improvisation</marcx:subfield><marcx:subfield code="v">3</marcx:subfield></marcx:datafield><marcx:datafield tag="440" ind1="0" ind2="0"><marcx:subfield code="0"/><marcx:subfield code="a">Dansk sang B-serien</marcx:subfield><marcx:subfield code="v">B 284</marcx:subfield></marcx:datafield><marcx:datafield tag="509" ind1="0" ind2="0"><marcx:subfield code="a">Improvisationseksempler for vekslende besætning</marcx:subfield></marcx:datafield><marcx:datafield tag="526" ind1="0" ind2="0"><marcx:subfield code="a">Hertil findes cd</marcx:subfield></marcx:datafield><marcx:datafield tag="534" ind1="0" ind2="0"><marcx:subfield code="&amp;">san</marcx:subfield><marcx:subfield code="i">Af indholdet</marcx:subfield><marcx:subfield code="d">Karen Geertsen</marcx:subfield><marcx:subfield code="t">Svæve på stjernerne</marcx:subfield><marcx:subfield code="b">(</marcx:subfield><marcx:subfield code="t">Dagen er gået til hvile</marcx:subfield><marcx:subfield code="b">)</marcx:subfield><marcx:subfield code="t">Karneval og sambaknald</marcx:subfield><marcx:subfield code="b">(</marcx:subfield><marcx:subfield code="t">Et karneval med sambaknald</marcx:subfield><marcx:subfield code="b">)</marcx:subfield><marcx:subfield code="d">Finn Jørgensen</marcx:subfield><marcx:subfield code="t">Kaptajn Klo</marcx:subfield><marcx:subfield code="b">(</marcx:subfield><marcx:subfield code="t">Hvis jeg engang får fat i et &amp;quot;skiv&amp;quot; igen</marcx:subfield><marcx:subfield code="b">)</marcx:subfield><marcx:subfield code="d">K. Værgman</marcx:subfield><marcx:subfield code="t">Sascha</marcx:subfield><marcx:subfield code="b">(</marcx:subfield><marcx:subfield code="t">Højre hånd og venstre hånd og begge hænder</marcx:subfield><marcx:subfield code="b">)</marcx:subfield><marcx:subfield code="d">M. Amsterdam, A. Stillman</marcx:subfield><marcx:subfield code="t">Rum and coca cola</marcx:subfield><marcx:subfield code="b">(</marcx:subfield><marcx:subfield code="t">If you ever go to Trinidad</marcx:subfield><marcx:subfield code="b">)</marcx:subfield><marcx:subfield code="d">Peter Mynte</marcx:subfield><marcx:subfield code="t">Jeg vil ha' en blå ballon</marcx:subfield><marcx:subfield code="d">Peter Riis, John Sørensen</marcx:subfield><marcx:subfield code="t">Mandag mor'n</marcx:subfield><marcx:subfield code="b">(</marcx:subfield><marcx:subfield code="t">Jeg vågned' op</marcx:subfield><marcx:subfield code="b">)</marcx:subfield><marcx:subfield code="d">Ditte Sørensen</marcx:subfield><marcx:subfield code="t">Argentinas strande</marcx:subfield><marcx:subfield code="b">(</marcx:subfield><marcx:subfield code="t">På cafeens væg</marcx:subfield><marcx:subfield code="b">)</marcx:subfield></marcx:datafield><marcx:datafield tag="652" ind1="0" ind2="0"><marcx:subfield code="m">78.147</marcx:subfield></marcx:datafield><marcx:datafield tag="652" ind1="0" ind2="0"><marcx:subfield code="p">78.7</marcx:subfield></marcx:datafield><marcx:datafield tag="666" ind1="0" ind2="0"><marcx:subfield code="0"/><marcx:subfield code="f">improvisation</marcx:subfield></marcx:datafield><marcx:datafield tag="666" ind1="0" ind2="0"><marcx:subfield code="0"/><marcx:subfield code="o">undervisningsmaterialer</marcx:subfield></marcx:datafield><marcx:datafield tag="666" ind1="0" ind2="0"><marcx:subfield code="0"/><marcx:subfield code="o">sange</marcx:subfield></marcx:datafield><marcx:datafield tag="700" ind1="0" ind2="0"><marcx:subfield code="0"/><marcx:subfield code="a">Riis</marcx:subfield><marcx:subfield code="h">Peter</marcx:subfield><marcx:subfield code="c">f. 1957</marcx:subfield></marcx:datafield><marcx:datafield tag="700" ind1="0" ind2="0"><marcx:subfield code="0"/><marcx:subfield code="a">Sørensen</marcx:subfield><marcx:subfield code="h">John</marcx:subfield><marcx:subfield code="c">f. 1954</marcx:subfield></marcx:datafield><marcx:datafield tag="990" ind1="0" ind2="0"><marcx:subfield code="a">SFD</marcx:subfield><marcx:subfield code="b">S</marcx:subfield><marcx:subfield code="b">B</marcx:subfield><marcx:subfield code="c">A</marcx:subfield><marcx:subfield code="o">199922</marcx:subfield></marcx:datafield><marcx:datafield tag="996" ind1="0" ind2="0"><marcx:subfield code="a">DBC</marcx:subfield></marcx:datafield></marcx:record>