
<marcx:record format="danMARC2" type="Bibliographic" xmlns:marcx="info:lc/xmlns/marcxchange-v1"><marcx:leader>00000n    2200000   4500</marcx:leader><marcx:datafield tag="001" ind1="0" ind2="0"><marcx:subfield code="a">41981199</marcx:subfield><marcx:subfield code="b">191919</marcx:subfield><marcx:subfield code="c">19990510213936</marcx:subfield><marcx:subfield code="d">19990510</marcx:subfield><marcx:subfield code="f">a</marcx:subfield></marcx:datafield><marcx:datafield tag="002" ind1="0" ind2="0"><marcx:subfield code="b">736900</marcx:subfield><marcx:subfield code="c">90236806</marcx:subfield><marcx:subfield code="x">73690090236806</marcx:subfield></marcx:datafield><marcx:datafield tag="004" ind1="0" ind2="0"><marcx:subfield code="r">n</marcx:subfield><marcx:subfield code="a">e</marcx:subfield></marcx:datafield><marcx:datafield tag="008" ind1="0" ind2="0"><marcx:subfield code="t">s</marcx:subfield><marcx:subfield code="v">4</marcx:subfield></marcx:datafield><marcx:datafield tag="009" ind1="0" ind2="0"><marcx:subfield code="a">s</marcx:subfield><marcx:subfield code="g">xc</marcx:subfield></marcx:datafield><marcx:datafield tag="039" ind1="0" ind2="0"><marcx:subfield code="a">blu</marcx:subfield></marcx:datafield><marcx:datafield tag="100" ind1="0" ind2="0"><marcx:subfield code="a">Copeland</marcx:subfield><marcx:subfield code="h">Johnny</marcx:subfield></marcx:datafield><marcx:datafield tag="245" ind1="0" ind2="0"><marcx:subfield code="a">Catch up with the blues</marcx:subfield><marcx:subfield code="e">Johnny Copeland med Richard Ford, "Sonny Boy" Terry, Floyd Phillips, Bobby Kyle, Mabon "Teenie" Hodges, Randy Lee Lippincott, Barry Harrison, Robert Hall... et al</marcx:subfield></marcx:datafield><marcx:datafield tag="260" ind1="0" ind2="0"><marcx:subfield code="b">Verve</marcx:subfield></marcx:datafield><marcx:datafield tag="440" ind1="0" ind2="0"><marcx:subfield code="a">Gitanes jazz</marcx:subfield></marcx:datafield><marcx:datafield tag="512" ind1="0" ind2="0"><marcx:subfield code="a">Indspillet i Memphis, Tennessee 17. - 30. april og 1. - 3. maj 1993</marcx:subfield></marcx:datafield><marcx:datafield tag="531" ind1="0" ind2="0"><marcx:subfield code="a">Indhold:</marcx:subfield></marcx:datafield><marcx:datafield tag="538" ind1="0" ind2="0"><marcx:subfield code="f">Verve</marcx:subfield><marcx:subfield code="g">521239-2</marcx:subfield></marcx:datafield><marcx:datafield tag="652" ind1="0" ind2="0"><marcx:subfield code="m">78.792</marcx:subfield><marcx:subfield code="v">2</marcx:subfield></marcx:datafield><marcx:datafield tag="700" ind1="0" ind2="0"><marcx:subfield code="a">Ford</marcx:subfield><marcx:subfield code="h">Richard</marcx:subfield></marcx:datafield><marcx:datafield tag="700" ind1="0" ind2="0"><marcx:subfield code="a">Terry</marcx:subfield><marcx:subfield code="h">"Sonny Boy"</marcx:subfield></marcx:datafield><marcx:datafield tag="700" ind1="0" ind2="0"><marcx:subfield code="a">Phillips</marcx:subfield><marcx:subfield code="h">Floyd</marcx:subfield></marcx:datafield><marcx:datafield tag="700" ind1="0" ind2="0"><marcx:subfield code="a">Kyle</marcx:subfield><marcx:subfield code="h">Bobby</marcx:subfield></marcx:datafield><marcx:datafield tag="700" ind1="0" ind2="0"><marcx:subfield code="a">Hodges</marcx:subfield><marcx:subfield code="h">Mabon "Teenie"</marcx:subfield></marcx:datafield><marcx:datafield tag="700" ind1="0" ind2="0"><marcx:subfield code="a">Lippinncott</marcx:subfield><marcx:subfield code="h">Randy Lee</marcx:subfield></marcx:datafield><marcx:datafield tag="700" ind1="0" ind2="0"><marcx:subfield code="a">Harrison</marcx:subfield><marcx:subfield code="h">Barry</marcx:subfield></marcx:datafield><marcx:datafield tag="700" ind1="0" ind2="0"><marcx:subfield code="a">Hall</marcx:subfield><marcx:subfield code="h">Robert</marcx:subfield></marcx:datafield><marcx:datafield tag="795" ind1="0" ind2="0"><marcx:subfield code="å">11</marcx:subfield><marcx:subfield code="a">Catch up with the blues</marcx:subfield><marcx:subfield code="a">Rolling with the punches</marcx:subfield><marcx:subfield code="a">Every dog's got his day</marcx:subfield><marcx:subfield code="a">Cold, cold winter</marcx:subfield><marcx:subfield code="a">Making a fool of myself</marcx:subfield><marcx:subfield code="a">Rain</marcx:subfield><marcx:subfield code="a">The ¤Grammy song</marcx:subfield><marcx:subfield code="a">Bye, bye baby</marcx:subfield><marcx:subfield code="a">Another man's wife</marcx:subfield><marcx:subfield code="a">I'm creepin'</marcx:subfield><marcx:subfield code="a">Pedal to the metal</marcx:subfield><marcx:subfield code="a">Life's rainbow (nature song)</marcx:subfield></marcx:datafield><marcx:datafield tag="996" ind1="0" ind2="0"><marcx:subfield code="a">736900</marcx:subfield></marcx:datafield></marcx:record>