
<marcx:record format="danMARC2" type="Bibliographic" xmlns:marcx="info:lc/xmlns/marcxchange-v1"><marcx:leader>00000n    2200000   4500</marcx:leader><marcx:datafield tag="001" ind1="0" ind2="0"><marcx:subfield code="a">41978317</marcx:subfield><marcx:subfield code="b">191919</marcx:subfield><marcx:subfield code="c">19990510205935</marcx:subfield><marcx:subfield code="d">19990510</marcx:subfield><marcx:subfield code="f">a</marcx:subfield></marcx:datafield><marcx:datafield tag="002" ind1="0" ind2="0"><marcx:subfield code="b">718100</marcx:subfield><marcx:subfield code="c">90124226</marcx:subfield><marcx:subfield code="x">71810090124226</marcx:subfield></marcx:datafield><marcx:datafield tag="004" ind1="0" ind2="0"><marcx:subfield code="r">n</marcx:subfield><marcx:subfield code="a">e</marcx:subfield></marcx:datafield><marcx:datafield tag="008" ind1="0" ind2="0"><marcx:subfield code="t">s</marcx:subfield><marcx:subfield code="v">0</marcx:subfield></marcx:datafield><marcx:datafield tag="009" ind1="0" ind2="0"><marcx:subfield code="a">s</marcx:subfield><marcx:subfield code="g">xc</marcx:subfield></marcx:datafield><marcx:datafield tag="039" ind1="0" ind2="0"><marcx:subfield code="a">jaz</marcx:subfield></marcx:datafield><marcx:datafield tag="100" ind1="0" ind2="0"><marcx:subfield code="a">Holiday</marcx:subfield><marcx:subfield code="h">Billie</marcx:subfield></marcx:datafield><marcx:datafield tag="245" ind1="0" ind2="0"><marcx:subfield code="a">Complete 1933-1944 studio recordings/master takes, vol.1</marcx:subfield><marcx:subfield code="c">1933-1936</marcx:subfield><marcx:subfield code="e">Billie Holiday med Benny Goodman og hans Orkester</marcx:subfield><marcx:subfield code="e">Billie Holiday med Teddy Wilson og hans Orkester</marcx:subfield><marcx:subfield code="e">Billie Holiday og hendes Orkester</marcx:subfield></marcx:datafield><marcx:datafield tag="260" ind1="0" ind2="0"><marcx:subfield code="b">Blue Moon</marcx:subfield></marcx:datafield><marcx:datafield tag="300" ind1="0" ind2="0"><marcx:subfield code="n">1 cd</marcx:subfield><marcx:subfield code="b">Mono</marcx:subfield></marcx:datafield><marcx:datafield tag="440" ind1="0" ind2="0"><marcx:subfield code="0"/><marcx:subfield code="a">The ¤definitive Billie Holiday edition</marcx:subfield></marcx:datafield><marcx:datafield tag="512" ind1="0" ind2="0"><marcx:subfield code="a">Indspillet i New York City 1933-1936</marcx:subfield></marcx:datafield><marcx:datafield tag="531" ind1="0" ind2="0"><marcx:subfield code="a">Indhold:</marcx:subfield></marcx:datafield><marcx:datafield tag="538" ind1="0" ind2="0"><marcx:subfield code="f">Blue Moon</marcx:subfield><marcx:subfield code="g">BMCD 1021</marcx:subfield></marcx:datafield><marcx:datafield tag="652" ind1="0" ind2="0"><marcx:subfield code="m">78.793</marcx:subfield><marcx:subfield code="v">3</marcx:subfield></marcx:datafield><marcx:datafield tag="666" ind1="0" ind2="0"><marcx:subfield code="m">jazz</marcx:subfield><marcx:subfield code="m">swing</marcx:subfield><marcx:subfield code="m">evergreen</marcx:subfield><marcx:subfield code="n">vokal</marcx:subfield><marcx:subfield code="p">1930-1939</marcx:subfield><marcx:subfield code="l">USA</marcx:subfield></marcx:datafield><marcx:datafield tag="700" ind1="0" ind2="0"><marcx:subfield code="a">Goodman</marcx:subfield><marcx:subfield code="h">Benny</marcx:subfield></marcx:datafield><marcx:datafield tag="700" ind1="0" ind2="0"><marcx:subfield code="a">Wilson</marcx:subfield><marcx:subfield code="h">Teddy</marcx:subfield></marcx:datafield><marcx:datafield tag="795" ind1="0" ind2="0"><marcx:subfield code="å">11</marcx:subfield><marcx:subfield code="a">Your mother's son-in-law</marcx:subfield><marcx:subfield code="a">Riffin' the scotch</marcx:subfield><marcx:subfield code="a">I wished on the moon</marcx:subfield><marcx:subfield code="a">What a little moonlight can do</marcx:subfield><marcx:subfield code="a">Miss Brown to you</marcx:subfield><marcx:subfield code="a">A ¤sunbonnet blue</marcx:subfield><marcx:subfield code="a">What a night, what a moon, what a girl</marcx:subfield><marcx:subfield code="a">I'm painting the town red</marcx:subfield><marcx:subfield code="a">It's too hot for words</marcx:subfield><marcx:subfield code="a">Twenty-four hours a day</marcx:subfield><marcx:subfield code="a">Yankee doodle never went to town</marcx:subfield><marcx:subfield code="a">Eeny meeny miney mo</marcx:subfield><marcx:subfield code="a">If you were mine</marcx:subfield><marcx:subfield code="a">These 'n' that 'n' those</marcx:subfield><marcx:subfield code="a">You let me down</marcx:subfield><marcx:subfield code="a">Spreadin' rhythm around</marcx:subfield><marcx:subfield code="a">It's like reaching for the moon</marcx:subfield><marcx:subfield code="a">These foolish things</marcx:subfield><marcx:subfield code="a">I cried for you</marcx:subfield><marcx:subfield code="a">Guess who?</marcx:subfield><marcx:subfield code="a">Did I remember?</marcx:subfield><marcx:subfield code="a">No regrets</marcx:subfield><marcx:subfield code="a">Summertime</marcx:subfield><marcx:subfield code="a">Billie's blues</marcx:subfield></marcx:datafield><marcx:datafield tag="996" ind1="0" ind2="0"><marcx:subfield code="a">718100</marcx:subfield></marcx:datafield></marcx:record>