
<marcx:record format="danMARC2" type="Bibliographic" xmlns:marcx="info:lc/xmlns/marcxchange-v1"><marcx:leader>00000n    2200000   4500</marcx:leader><marcx:datafield tag="001" ind1="0" ind2="0"><marcx:subfield code="a">22888366</marcx:subfield><marcx:subfield code="b">191919</marcx:subfield><marcx:subfield code="c">20111202223614</marcx:subfield><marcx:subfield code="d">20000417</marcx:subfield><marcx:subfield code="f">a</marcx:subfield></marcx:datafield><marcx:datafield tag="004" ind1="0" ind2="0"><marcx:subfield code="r">n</marcx:subfield><marcx:subfield code="a">e</marcx:subfield></marcx:datafield><marcx:datafield tag="008" ind1="0" ind2="0"><marcx:subfield code="t">m</marcx:subfield><marcx:subfield code="u">u</marcx:subfield><marcx:subfield code="a">2000</marcx:subfield><marcx:subfield code="b">dk</marcx:subfield><marcx:subfield code="l">dan</marcx:subfield><marcx:subfield code="x">04</marcx:subfield><marcx:subfield code="v">0</marcx:subfield></marcx:datafield><marcx:datafield tag="009" ind1="0" ind2="0"><marcx:subfield code="a">a</marcx:subfield><marcx:subfield code="g">xx</marcx:subfield></marcx:datafield><marcx:datafield tag="017" ind1="0" ind2="0"><marcx:subfield code="a">06985807</marcx:subfield></marcx:datafield><marcx:datafield tag="021" ind1="0" ind2="0"><marcx:subfield code="a">87-90646-05-3</marcx:subfield><marcx:subfield code="c">hf.</marcx:subfield><marcx:subfield code="d">kr. 300,00</marcx:subfield></marcx:datafield><marcx:datafield tag="032" ind1="0" ind2="0"><marcx:subfield code="a">DBF200020</marcx:subfield><marcx:subfield code="x">SFD200020</marcx:subfield><marcx:subfield code="x">DAT991149</marcx:subfield></marcx:datafield><marcx:datafield tag="041" ind1="0" ind2="0"><marcx:subfield code="a">dan</marcx:subfield><marcx:subfield code="c">eng</marcx:subfield></marcx:datafield><marcx:datafield tag="100" ind1="0" ind2="0"><marcx:subfield code="0"/><marcx:subfield code="a">Rackham</marcx:subfield><marcx:subfield code="h">Neil</marcx:subfield></marcx:datafield><marcx:datafield tag="241" ind1="0" ind2="0"><marcx:subfield code="a">Making major sales</marcx:subfield></marcx:datafield><marcx:datafield tag="245" ind1="0" ind2="0"><marcx:subfield code="a">Megasalg SPIN</marcx:subfield><marcx:subfield code="c">SPIN-strategien - teori og praksis</marcx:subfield><marcx:subfield code="e">Neil Rackham</marcx:subfield><marcx:subfield code="f">oversat af Birgit Dalgꜳrd</marcx:subfield></marcx:datafield><marcx:datafield tag="250" ind1="0" ind2="0"><marcx:subfield code="a">[Ny udgave]</marcx:subfield><marcx:subfield code="b">Ny udgave 2000</marcx:subfield></marcx:datafield><marcx:datafield tag="260" ind1="0" ind2="0"><marcx:subfield code="&amp;">1</marcx:subfield><marcx:subfield code="a">Randers</marcx:subfield><marcx:subfield code="b">Dansk Erhvervs Uddannelse</marcx:subfield><marcx:subfield code="c">2000</marcx:subfield><marcx:subfield code="k">J.H. Schultz Grafisk</marcx:subfield></marcx:datafield><marcx:datafield tag="300" ind1="0" ind2="0"><marcx:subfield code="a">266 sider</marcx:subfield><marcx:subfield code="b">ill.</marcx:subfield></marcx:datafield><marcx:datafield tag="504" ind1="0" ind2="0"><marcx:subfield code="&amp;">1</marcx:subfield><marcx:subfield code="a">Forfatteren beviser, at de traditionelle salgsteknikker, der er brugbare ved mindre salg, ikke fungerer ved store komplekse salg. En række målrettede salgsteknikker, SPIN-strategien, der i dag bruges af internationale selskaber, præsenteres</marcx:subfield></marcx:datafield><marcx:datafield tag="520" ind1="0" ind2="0"><marcx:subfield code="i">Tidligere udgave med titel</marcx:subfield><marcx:subfield code="t">Megasalg</marcx:subfield><marcx:subfield code="b">. Valby : Schultz, 1989</marcx:subfield></marcx:datafield><marcx:datafield tag="631" ind1="0" ind2="0"><marcx:subfield code="f">salgsstrategi</marcx:subfield></marcx:datafield><marcx:datafield tag="652" ind1="0" ind2="0"><marcx:subfield code="m">65.54</marcx:subfield></marcx:datafield><marcx:datafield tag="666" ind1="0" ind2="0"><marcx:subfield code="0"/><marcx:subfield code="f">sælgerteknik</marcx:subfield></marcx:datafield><marcx:datafield tag="666" ind1="0" ind2="0"><marcx:subfield code="0"/><marcx:subfield code="f">salg</marcx:subfield></marcx:datafield><marcx:datafield tag="745" ind1="0" ind2="0"><marcx:subfield code="a">SPIN</marcx:subfield></marcx:datafield><marcx:datafield tag="990" ind1="0" ind2="0"><marcx:subfield code="a">SFD</marcx:subfield><marcx:subfield code="c">H</marcx:subfield><marcx:subfield code="o">200020</marcx:subfield></marcx:datafield><marcx:datafield tag="996" ind1="0" ind2="0"><marcx:subfield code="a">DBC</marcx:subfield></marcx:datafield></marcx:record>