
<marcx:record format="danMARC2" type="Bibliographic" xmlns:marcx="info:lc/xmlns/marcxchange-v1"><marcx:leader>00000n    2200000   4500</marcx:leader><marcx:datafield tag="001" ind1="0" ind2="0"><marcx:subfield code="a">22370804</marcx:subfield><marcx:subfield code="b">191919</marcx:subfield><marcx:subfield code="c">19990513203656</marcx:subfield><marcx:subfield code="d">19990215</marcx:subfield><marcx:subfield code="f">a</marcx:subfield></marcx:datafield><marcx:datafield tag="004" ind1="0" ind2="0"><marcx:subfield code="r">n</marcx:subfield><marcx:subfield code="a">e</marcx:subfield></marcx:datafield><marcx:datafield tag="008" ind1="0" ind2="0"><marcx:subfield code="t">m</marcx:subfield><marcx:subfield code="u">f</marcx:subfield><marcx:subfield code="a">1998</marcx:subfield><marcx:subfield code="b">dk</marcx:subfield><marcx:subfield code="d">å</marcx:subfield><marcx:subfield code="l">dan</marcx:subfield><marcx:subfield code="v">0</marcx:subfield></marcx:datafield><marcx:datafield tag="009" ind1="0" ind2="0"><marcx:subfield code="a">a</marcx:subfield><marcx:subfield code="g">xx</marcx:subfield></marcx:datafield><marcx:datafield tag="021" ind1="0" ind2="0"><marcx:subfield code="a">87-88091-81-3</marcx:subfield><marcx:subfield code="c">hf.</marcx:subfield><marcx:subfield code="d">enkelteksemplarer gratis</marcx:subfield></marcx:datafield><marcx:datafield tag="032" ind1="0" ind2="0"><marcx:subfield code="a">DBF199911</marcx:subfield><marcx:subfield code="x">SKO200001</marcx:subfield><marcx:subfield code="x">SFD199911</marcx:subfield></marcx:datafield><marcx:datafield tag="245" ind1="0" ind2="0"><marcx:subfield code="a">Kvalitetsudvikling i dialog</marcx:subfield><marcx:subfield code="e">redaktion: ... Anne Marie Krag</marcx:subfield></marcx:datafield><marcx:datafield tag="260" ind1="0" ind2="0"><marcx:subfield code="a">[Kbh.]</marcx:subfield><marcx:subfield code="b">Danmarks Lærerforening</marcx:subfield><marcx:subfield code="c">1998</marcx:subfield><marcx:subfield code="k">Bogtrykkeriet, Skive, Rex</marcx:subfield></marcx:datafield><marcx:datafield tag="300" ind1="0" ind2="0"><marcx:subfield code="a">23 sider</marcx:subfield><marcx:subfield code="b">ill. i farver</marcx:subfield></marcx:datafield><marcx:datafield tag="652" ind1="0" ind2="0"><marcx:subfield code="m">37.363</marcx:subfield></marcx:datafield><marcx:datafield tag="666" ind1="0" ind2="0"><marcx:subfield code="0"/><marcx:subfield code="f">folkeskolen</marcx:subfield></marcx:datafield><marcx:datafield tag="666" ind1="0" ind2="0"><marcx:subfield code="0"/><marcx:subfield code="f">skoleudvikling</marcx:subfield></marcx:datafield><marcx:datafield tag="666" ind1="0" ind2="0"><marcx:subfield code="0"/><marcx:subfield code="f">udvikling</marcx:subfield></marcx:datafield><marcx:datafield tag="666" ind1="0" ind2="0"><marcx:subfield code="0"/><marcx:subfield code="f">kvalitetsudvikling</marcx:subfield></marcx:datafield><marcx:datafield tag="700" ind1="0" ind2="0"><marcx:subfield code="0"/><marcx:subfield code="a">Krag</marcx:subfield><marcx:subfield code="h">Anne Marie</marcx:subfield></marcx:datafield><marcx:datafield tag="710" ind1="0" ind2="0"><marcx:subfield code="a">Danmarks Lærerforening</marcx:subfield></marcx:datafield><marcx:datafield tag="990" ind1="0" ind2="0"><marcx:subfield code="a">SFD</marcx:subfield><marcx:subfield code="b">S</marcx:subfield><marcx:subfield code="c">A</marcx:subfield><marcx:subfield code="o">199911</marcx:subfield></marcx:datafield><marcx:datafield tag="996" ind1="0" ind2="0"><marcx:subfield code="a">DBC</marcx:subfield></marcx:datafield></marcx:record>