
<marcx:record format="danMARC2" type="Bibliographic" xmlns:marcx="info:lc/xmlns/marcxchange-v1"><marcx:leader>00000n    2200000   4500</marcx:leader><marcx:datafield tag="001" ind1="0" ind2="0"><marcx:subfield code="a">41978333</marcx:subfield><marcx:subfield code="b">191919</marcx:subfield><marcx:subfield code="c">19990510205945</marcx:subfield><marcx:subfield code="d">19990510</marcx:subfield><marcx:subfield code="f">a</marcx:subfield></marcx:datafield><marcx:datafield tag="002" ind1="0" ind2="0"><marcx:subfield code="b">718100</marcx:subfield><marcx:subfield code="c">90124250</marcx:subfield><marcx:subfield code="x">71810090124250</marcx:subfield></marcx:datafield><marcx:datafield tag="004" ind1="0" ind2="0"><marcx:subfield code="r">n</marcx:subfield><marcx:subfield code="a">e</marcx:subfield></marcx:datafield><marcx:datafield tag="008" ind1="0" ind2="0"><marcx:subfield code="t">s</marcx:subfield><marcx:subfield code="v">0</marcx:subfield></marcx:datafield><marcx:datafield tag="009" ind1="0" ind2="0"><marcx:subfield code="a">s</marcx:subfield><marcx:subfield code="g">xc</marcx:subfield></marcx:datafield><marcx:datafield tag="039" ind1="0" ind2="0"><marcx:subfield code="a">jaz</marcx:subfield></marcx:datafield><marcx:datafield tag="100" ind1="0" ind2="0"><marcx:subfield code="a">Holiday</marcx:subfield><marcx:subfield code="h">Billie</marcx:subfield></marcx:datafield><marcx:datafield tag="245" ind1="0" ind2="0"><marcx:subfield code="a">Complete 1936-1944 studio recordings/alternate takes, volume 2</marcx:subfield><marcx:subfield code="c">1938-1940</marcx:subfield><marcx:subfield code="e">Billie Holiday med Teddy Wilson og hans Orkester</marcx:subfield><marcx:subfield code="e">Billie Holiday og hendes Orkester</marcx:subfield></marcx:datafield><marcx:datafield tag="260" ind1="0" ind2="0"><marcx:subfield code="b">Blue Moon</marcx:subfield></marcx:datafield><marcx:datafield tag="300" ind1="0" ind2="0"><marcx:subfield code="n">1 cd</marcx:subfield><marcx:subfield code="b">Mono</marcx:subfield></marcx:datafield><marcx:datafield tag="440" ind1="0" ind2="0"><marcx:subfield code="0"/><marcx:subfield code="a">The ¤definitive Billie Holiday edition</marcx:subfield></marcx:datafield><marcx:datafield tag="512" ind1="0" ind2="0"><marcx:subfield code="a">Indspillet i New York City 1938-1940</marcx:subfield></marcx:datafield><marcx:datafield tag="531" ind1="0" ind2="0"><marcx:subfield code="a">Indhold:</marcx:subfield></marcx:datafield><marcx:datafield tag="538" ind1="0" ind2="0"><marcx:subfield code="f">Blue Moon</marcx:subfield><marcx:subfield code="g">BMCD 1502</marcx:subfield></marcx:datafield><marcx:datafield tag="652" ind1="0" ind2="0"><marcx:subfield code="m">78.793</marcx:subfield><marcx:subfield code="v">3</marcx:subfield></marcx:datafield><marcx:datafield tag="666" ind1="0" ind2="0"><marcx:subfield code="m">jazz</marcx:subfield><marcx:subfield code="m">swing</marcx:subfield><marcx:subfield code="m">evergreen</marcx:subfield><marcx:subfield code="n">vokal</marcx:subfield><marcx:subfield code="p">1930-1939</marcx:subfield><marcx:subfield code="p">1940-1949</marcx:subfield><marcx:subfield code="l">USA</marcx:subfield></marcx:datafield><marcx:datafield tag="700" ind1="0" ind2="0"><marcx:subfield code="a">Wilson</marcx:subfield><marcx:subfield code="h">Teddy</marcx:subfield></marcx:datafield><marcx:datafield tag="795" ind1="0" ind2="0"><marcx:subfield code="å">11</marcx:subfield><marcx:subfield code="a">I'm gonna lock my heart</marcx:subfield><marcx:subfield code="a">I can't get started</marcx:subfield><marcx:subfield code="a">I've got a date with a dream</marcx:subfield><marcx:subfield code="a">April in my heart</marcx:subfield><marcx:subfield code="a">They say</marcx:subfield><marcx:subfield code="a">You're so desirable</marcx:subfield><marcx:subfield code="a">You're gonna see a lot of me</marcx:subfield><marcx:subfield code="a">Hello my darling</marcx:subfield><marcx:subfield code="a">Let's dream in the moonlight</marcx:subfield><marcx:subfield code="a">That's all I ask of you</marcx:subfield><marcx:subfield code="a">More than you know</marcx:subfield><marcx:subfield code="a">You're too lovely to last</marcx:subfield><marcx:subfield code="a">Under a blue jungle moon</marcx:subfield><marcx:subfield code="a">Strange fruit</marcx:subfield><marcx:subfield code="a">Yesterdays</marcx:subfield><marcx:subfield code="a">I gotta right to sing the blues</marcx:subfield><marcx:subfield code="a">Night and day</marcx:subfield><marcx:subfield code="a">Falling in love again</marcx:subfield><marcx:subfield code="a">Laughing at life</marcx:subfield><marcx:subfield code="a">I'm all for you</marcx:subfield><marcx:subfield code="a">I hear music</marcx:subfield><marcx:subfield code="a">It's the same old story</marcx:subfield><marcx:subfield code="a">It's the same old story</marcx:subfield><marcx:subfield code="a">Practice makes perfect</marcx:subfield></marcx:datafield><marcx:datafield tag="996" ind1="0" ind2="0"><marcx:subfield code="a">718100</marcx:subfield></marcx:datafield></marcx:record>