
<marcx:record format="danMARC2" type="Bibliographic" xmlns:marcx="info:lc/xmlns/marcxchange-v1"><marcx:leader>00000n    2200000   4500</marcx:leader><marcx:datafield tag="001" ind1="0" ind2="0"><marcx:subfield code="a">41978341</marcx:subfield><marcx:subfield code="b">191919</marcx:subfield><marcx:subfield code="c">19990510205951</marcx:subfield><marcx:subfield code="d">19990510</marcx:subfield><marcx:subfield code="f">a</marcx:subfield></marcx:datafield><marcx:datafield tag="002" ind1="0" ind2="0"><marcx:subfield code="b">718100</marcx:subfield><marcx:subfield code="c">90124269</marcx:subfield><marcx:subfield code="x">71810090124269</marcx:subfield></marcx:datafield><marcx:datafield tag="004" ind1="0" ind2="0"><marcx:subfield code="r">n</marcx:subfield><marcx:subfield code="a">e</marcx:subfield></marcx:datafield><marcx:datafield tag="008" ind1="0" ind2="0"><marcx:subfield code="t">s</marcx:subfield><marcx:subfield code="v">0</marcx:subfield></marcx:datafield><marcx:datafield tag="009" ind1="0" ind2="0"><marcx:subfield code="a">s</marcx:subfield><marcx:subfield code="g">xc</marcx:subfield></marcx:datafield><marcx:datafield tag="039" ind1="0" ind2="0"><marcx:subfield code="a">jaz</marcx:subfield></marcx:datafield><marcx:datafield tag="100" ind1="0" ind2="0"><marcx:subfield code="a">Holiday</marcx:subfield><marcx:subfield code="h">Billie</marcx:subfield></marcx:datafield><marcx:datafield tag="245" ind1="0" ind2="0"><marcx:subfield code="a">Complete 1936-1944 studio recordings/alternate takes, volume 3</marcx:subfield><marcx:subfield code="c">1940-1944</marcx:subfield><marcx:subfield code="e">Billie Holiday med Teddy Wilson og hans Orkester</marcx:subfield><marcx:subfield code="e">Billie Holiday og hendes Orkester</marcx:subfield><marcx:subfield code="e">Billie Holiday med Benny Carter and his All Star Orchestra</marcx:subfield><marcx:subfield code="e">Billie Holiday med Eddie Heywood og hans Orkester</marcx:subfield></marcx:datafield><marcx:datafield tag="260" ind1="0" ind2="0"><marcx:subfield code="b">Blue Moon</marcx:subfield></marcx:datafield><marcx:datafield tag="300" ind1="0" ind2="0"><marcx:subfield code="n">1 cd</marcx:subfield><marcx:subfield code="b">Mono</marcx:subfield></marcx:datafield><marcx:datafield tag="440" ind1="0" ind2="0"><marcx:subfield code="0"/><marcx:subfield code="a">The ¤definitive Billie Holiday edition</marcx:subfield></marcx:datafield><marcx:datafield tag="512" ind1="0" ind2="0"><marcx:subfield code="a">Indspillet i New York City 1940-1944</marcx:subfield></marcx:datafield><marcx:datafield tag="531" ind1="0" ind2="0"><marcx:subfield code="a">Indhold:</marcx:subfield></marcx:datafield><marcx:datafield tag="538" ind1="0" ind2="0"><marcx:subfield code="f">Blue Moon</marcx:subfield><marcx:subfield code="g">BMCD 1503</marcx:subfield></marcx:datafield><marcx:datafield tag="652" ind1="0" ind2="0"><marcx:subfield code="m">78.793</marcx:subfield><marcx:subfield code="v">3</marcx:subfield></marcx:datafield><marcx:datafield tag="666" ind1="0" ind2="0"><marcx:subfield code="m">jazz</marcx:subfield><marcx:subfield code="m">swing</marcx:subfield><marcx:subfield code="m">evergreen</marcx:subfield><marcx:subfield code="n">vokal</marcx:subfield><marcx:subfield code="p">1940-1949</marcx:subfield><marcx:subfield code="l">USA</marcx:subfield></marcx:datafield><marcx:datafield tag="700" ind1="0" ind2="0"><marcx:subfield code="a">Wilson</marcx:subfield><marcx:subfield code="h">Teddy</marcx:subfield></marcx:datafield><marcx:datafield tag="700" ind1="0" ind2="0"><marcx:subfield code="a">Carter</marcx:subfield><marcx:subfield code="h">Benny</marcx:subfield></marcx:datafield><marcx:datafield tag="700" ind1="0" ind2="0"><marcx:subfield code="a">Heywood</marcx:subfield><marcx:subfield code="h">Eddie</marcx:subfield></marcx:datafield><marcx:datafield tag="795" ind1="0" ind2="0"><marcx:subfield code="å">11</marcx:subfield><marcx:subfield code="a">Practice makes perfect</marcx:subfield><marcx:subfield code="a">St. Louis blues</marcx:subfield><marcx:subfield code="a">Loveless love</marcx:subfield><marcx:subfield code="a">Let's do it</marcx:subfield><marcx:subfield code="c">2 takes</marcx:subfield><marcx:subfield code="a">Georgia on my mind</marcx:subfield><marcx:subfield code="c">2 takes</marcx:subfield><marcx:subfield code="a">Romance in the dark</marcx:subfield><marcx:subfield code="c">3 takes</marcx:subfield><marcx:subfield code="a">All of me</marcx:subfield><marcx:subfield code="c">2 takes</marcx:subfield><marcx:subfield code="a">God bless the child</marcx:subfield><marcx:subfield code="c">2 takes</marcx:subfield><marcx:subfield code="a">Am I blue?</marcx:subfield><marcx:subfield code="c">2 takes</marcx:subfield><marcx:subfield code="a">Jim</marcx:subfield><marcx:subfield code="a">Gloomy sunday</marcx:subfield><marcx:subfield code="c">2 takes</marcx:subfield><marcx:subfield code="a">Wherever you are</marcx:subfield><marcx:subfield code="a">Until the real thing comes along</marcx:subfield><marcx:subfield code="a">How am I to know</marcx:subfield><marcx:subfield code="c">3 takes</marcx:subfield><marcx:subfield code="a">My old flame</marcx:subfield><marcx:subfield code="c">2 takes</marcx:subfield></marcx:datafield><marcx:datafield tag="996" ind1="0" ind2="0"><marcx:subfield code="a">718100</marcx:subfield></marcx:datafield></marcx:record>