
<marcx:record format="danMARC2" type="Bibliographic" xmlns:marcx="info:lc/xmlns/marcxchange-v1"><marcx:leader>00000n    2200000   4500</marcx:leader><marcx:datafield tag="001" ind1="0" ind2="0"><marcx:subfield code="a">23811987</marcx:subfield><marcx:subfield code="b">191919</marcx:subfield><marcx:subfield code="c">20011129145454</marcx:subfield><marcx:subfield code="d">20011129</marcx:subfield><marcx:subfield code="f">a</marcx:subfield></marcx:datafield><marcx:datafield tag="004" ind1="0" ind2="0"><marcx:subfield code="r">n</marcx:subfield><marcx:subfield code="a">e</marcx:subfield></marcx:datafield><marcx:datafield tag="008" ind1="0" ind2="0"><marcx:subfield code="t">s</marcx:subfield><marcx:subfield code="u">f</marcx:subfield><marcx:subfield code="a">2000</marcx:subfield><marcx:subfield code="b">us</marcx:subfield><marcx:subfield code="l">vie</marcx:subfield><marcx:subfield code="v">0</marcx:subfield></marcx:datafield><marcx:datafield tag="009" ind1="0" ind2="0"><marcx:subfield code="a">s</marcx:subfield><marcx:subfield code="g">xc</marcx:subfield></marcx:datafield><marcx:datafield tag="039" ind1="0" ind2="0"><marcx:subfield code="a">und</marcx:subfield></marcx:datafield><marcx:datafield tag="100" ind1="0" ind2="0"><marcx:subfield code="a">Mỹ Huyên</marcx:subfield></marcx:datafield><marcx:datafield tag="245" ind1="0" ind2="0"><marcx:subfield code="a">Tan nưa vâng trăng</marcx:subfield><marcx:subfield code="e">[Sang:] Mỹ Huyên</marcx:subfield><marcx:subfield code="f">[arrangement:] Tùng Châu</marcx:subfield></marcx:datafield><marcx:datafield tag="260" ind1="0" ind2="0"><marcx:subfield code="b">Westminster, Californien</marcx:subfield><marcx:subfield code="b">Thúy Nga</marcx:subfield><marcx:subfield code="c">2000</marcx:subfield></marcx:datafield><marcx:datafield tag="300" ind1="0" ind2="0"><marcx:subfield code="n">1 cd</marcx:subfield><marcx:subfield code="b">Digitaloptagelse</marcx:subfield></marcx:datafield><marcx:datafield tag="504" ind1="0" ind2="0"><marcx:subfield code="a">Populær vietnamesisk musik</marcx:subfield></marcx:datafield><marcx:datafield tag="504" ind1="0" ind2="0"><marcx:subfield code="a">Nhạc Pop</marcx:subfield></marcx:datafield><marcx:datafield tag="531" ind1="0" ind2="0"><marcx:subfield code="a">Indhold:</marcx:subfield></marcx:datafield><marcx:datafield tag="538" ind1="0" ind2="0"><marcx:subfield code="f">Thúy Nga</marcx:subfield><marcx:subfield code="g">TNCD 215</marcx:subfield></marcx:datafield><marcx:datafield tag="652" ind1="0" ind2="0"><marcx:subfield code="m">78.797</marcx:subfield><marcx:subfield code="v">8246</marcx:subfield></marcx:datafield><marcx:datafield tag="795" ind1="0" ind2="0"><marcx:subfield code="å">11</marcx:subfield><marcx:subfield code="a">Tình nhỏ mau quên</marcx:subfield><marcx:subfield code="a">Hôn trinh nũ</marcx:subfield><marcx:subfield code="a">Ngày xưa lên năm lên ba</marcx:subfield><marcx:subfield code="a">Tâm sư ngày chủ nhât</marcx:subfield><marcx:subfield code="a">Tan nưa vâng trăng</marcx:subfield><marcx:subfield code="a">Tay trăng tay đen</marcx:subfield><marcx:subfield code="a">Cánh hoa thơi loạn</marcx:subfield><marcx:subfield code="a">Phân gái nhà nghèo</marcx:subfield><marcx:subfield code="a">Chuyên tình đâu</marcx:subfield><marcx:subfield code="a">Mình chăng nơ nhau</marcx:subfield></marcx:datafield><marcx:datafield tag="900" ind1="0" ind2="0"><marcx:subfield code="a">Huyên</marcx:subfield><marcx:subfield code="h">Mỹ</marcx:subfield><marcx:subfield code="z">100</marcx:subfield></marcx:datafield><marcx:datafield tag="996" ind1="0" ind2="0"><marcx:subfield code="a">700300</marcx:subfield></marcx:datafield></marcx:record>