
<marcx:record format="danMARC2" type="Bibliographic" xmlns:marcx="info:lc/xmlns/marcxchange-v1"><marcx:leader>00000n    2200000   4500</marcx:leader><marcx:datafield tag="001" ind1="0" ind2="0"><marcx:subfield code="a">22445979</marcx:subfield><marcx:subfield code="b">191919</marcx:subfield><marcx:subfield code="c">20050209171443</marcx:subfield><marcx:subfield code="d">19990511</marcx:subfield><marcx:subfield code="f">a</marcx:subfield></marcx:datafield><marcx:datafield tag="004" ind1="0" ind2="0"><marcx:subfield code="r">n</marcx:subfield><marcx:subfield code="a">e</marcx:subfield></marcx:datafield><marcx:datafield tag="008" ind1="0" ind2="0"><marcx:subfield code="t">m</marcx:subfield><marcx:subfield code="u">f</marcx:subfield><marcx:subfield code="a">1999</marcx:subfield><marcx:subfield code="b">dk</marcx:subfield><marcx:subfield code="l">dan</marcx:subfield><marcx:subfield code="v">0</marcx:subfield></marcx:datafield><marcx:datafield tag="009" ind1="0" ind2="0"><marcx:subfield code="a">a</marcx:subfield><marcx:subfield code="g">xx</marcx:subfield></marcx:datafield><marcx:datafield tag="021" ind1="0" ind2="0"><marcx:subfield code="a">87-7826-534-7</marcx:subfield><marcx:subfield code="c">ib.</marcx:subfield><marcx:subfield code="d">kr. 198,00</marcx:subfield></marcx:datafield><marcx:datafield tag="032" ind1="0" ind2="0"><marcx:subfield code="a">DBF199922</marcx:subfield><marcx:subfield code="x">SKE192099</marcx:subfield><marcx:subfield code="x">SFD199922</marcx:subfield><marcx:subfield code="x">DAT200047</marcx:subfield><marcx:subfield code="x">DAT990508</marcx:subfield></marcx:datafield><marcx:datafield tag="041" ind1="0" ind2="0"><marcx:subfield code="a">dan</marcx:subfield><marcx:subfield code="c">eng</marcx:subfield></marcx:datafield><marcx:datafield tag="044" ind1="0" ind2="0"><marcx:subfield code="a">F</marcx:subfield><marcx:subfield code="b">33e</marcx:subfield></marcx:datafield><marcx:datafield tag="100" ind1="0" ind2="0"><marcx:subfield code="0"/><marcx:subfield code="a">Garlake</marcx:subfield><marcx:subfield code="h">Teresa</marcx:subfield></marcx:datafield><marcx:datafield tag="241" ind1="0" ind2="0"><marcx:subfield code="a">Poverty</marcx:subfield></marcx:datafield><marcx:datafield tag="245" ind1="0" ind2="0"><marcx:subfield code="a">Fattigdom</marcx:subfield><marcx:subfield code="e">Teresa Garlake</marcx:subfield><marcx:subfield code="f">oversat af Karsten Gramkov</marcx:subfield><marcx:subfield code="f">dansk redaktion og bearbejdelse: Ole Steen Hansen</marcx:subfield></marcx:datafield><marcx:datafield tag="260" ind1="0" ind2="0"><marcx:subfield code="&amp;">1</marcx:subfield><marcx:subfield code="a">Holte</marcx:subfield><marcx:subfield code="b">Flachs</marcx:subfield><marcx:subfield code="c">1999</marcx:subfield><marcx:subfield code="k">trykt i udl.</marcx:subfield></marcx:datafield><marcx:datafield tag="300" ind1="0" ind2="0"><marcx:subfield code="a">64 sider</marcx:subfield><marcx:subfield code="b">ill. (nogle i farver)</marcx:subfield></marcx:datafield><marcx:datafield tag="440" ind1="0" ind2="0"><marcx:subfield code="0"/><marcx:subfield code="a">I det 20. århundrede</marcx:subfield></marcx:datafield><marcx:datafield tag="512" ind1="0" ind2="0"><marcx:subfield code="i">Omslagstitel</marcx:subfield><marcx:subfield code="t">Fattigdom i det 20. århundrede</marcx:subfield></marcx:datafield><marcx:datafield tag="517" ind1="0" ind2="0"><marcx:subfield code="&amp;">1</marcx:subfield><marcx:subfield code="a">Fra 14 år</marcx:subfield></marcx:datafield><marcx:datafield tag="530" ind1="0" ind2="0"><marcx:subfield code="&amp;">1</marcx:subfield><marcx:subfield code="a">Indhold: Hvad er fattigdom ; Fattigdommens historie ; Klasseskel ; Mellemkrigstiden ; Forandringer ; Velfærd på fremmarch ; Ulandsbistand ; Fremtiden</marcx:subfield></marcx:datafield><marcx:datafield tag="532" ind1="0" ind2="0"><marcx:subfield code="&amp;">1</marcx:subfield><marcx:subfield code="a">Med litteraturhenvisninger</marcx:subfield></marcx:datafield><marcx:datafield tag="652" ind1="0" ind2="0"><marcx:subfield code="m">33.106</marcx:subfield></marcx:datafield><marcx:datafield tag="666" ind1="0" ind2="0"><marcx:subfield code="0"/><marcx:subfield code="i">1900-1999</marcx:subfield></marcx:datafield><marcx:datafield tag="666" ind1="0" ind2="0"><marcx:subfield code="0"/><marcx:subfield code="f">industrilande</marcx:subfield></marcx:datafield><marcx:datafield tag="666" ind1="0" ind2="0"><marcx:subfield code="0"/><marcx:subfield code="f">ulande</marcx:subfield></marcx:datafield><marcx:datafield tag="666" ind1="0" ind2="0"><marcx:subfield code="0"/><marcx:subfield code="f">fattigdom</marcx:subfield></marcx:datafield><marcx:datafield tag="666" ind1="0" ind2="0"><marcx:subfield code="0"/><marcx:subfield code="f">økonomisk udvikling</marcx:subfield></marcx:datafield><marcx:datafield tag="990" ind1="0" ind2="0"><marcx:subfield code="a">SFD</marcx:subfield><marcx:subfield code="b">L</marcx:subfield><marcx:subfield code="b">S</marcx:subfield><marcx:subfield code="b">B</marcx:subfield><marcx:subfield code="c">A</marcx:subfield><marcx:subfield code="o">199922</marcx:subfield></marcx:datafield><marcx:datafield tag="996" ind1="0" ind2="0"><marcx:subfield code="a">DBC</marcx:subfield></marcx:datafield></marcx:record>