
<marcx:record format="danMARC2" type="Bibliographic" xmlns:marcx="info:lc/xmlns/marcxchange-v1"><marcx:leader>00000n    2200000   4500</marcx:leader><marcx:datafield tag="001" ind1="0" ind2="0"><marcx:subfield code="a">41978244</marcx:subfield><marcx:subfield code="b">191919</marcx:subfield><marcx:subfield code="c">19990510205855</marcx:subfield><marcx:subfield code="d">19990510</marcx:subfield><marcx:subfield code="f">a</marcx:subfield></marcx:datafield><marcx:datafield tag="002" ind1="0" ind2="0"><marcx:subfield code="b">718100</marcx:subfield><marcx:subfield code="c">90124013</marcx:subfield><marcx:subfield code="x">71810090124013</marcx:subfield></marcx:datafield><marcx:datafield tag="004" ind1="0" ind2="0"><marcx:subfield code="r">n</marcx:subfield><marcx:subfield code="a">e</marcx:subfield></marcx:datafield><marcx:datafield tag="008" ind1="0" ind2="0"><marcx:subfield code="t">s</marcx:subfield><marcx:subfield code="v">0</marcx:subfield></marcx:datafield><marcx:datafield tag="009" ind1="0" ind2="0"><marcx:subfield code="a">s</marcx:subfield><marcx:subfield code="g">xc</marcx:subfield></marcx:datafield><marcx:datafield tag="039" ind1="0" ind2="0"><marcx:subfield code="a">jaz</marcx:subfield></marcx:datafield><marcx:datafield tag="100" ind1="0" ind2="0"><marcx:subfield code="a">Montrose</marcx:subfield><marcx:subfield code="h">Jack</marcx:subfield></marcx:datafield><marcx:datafield tag="245" ind1="0" ind2="0"><marcx:subfield code="a">Jack Montrose Sextet</marcx:subfield><marcx:subfield code="e">Jack Montrose med Bob Gordon, Conte Candoli, Paul Moer, Ralph Pena, Shelly Manne, Joe Mondragon og Billy Schneider</marcx:subfield></marcx:datafield><marcx:datafield tag="260" ind1="0" ind2="0"><marcx:subfield code="b">Pacific Jazz</marcx:subfield></marcx:datafield><marcx:datafield tag="440" ind1="0" ind2="0"><marcx:subfield code="0"/><marcx:subfield code="a">West Coast classics</marcx:subfield></marcx:datafield><marcx:datafield tag="512" ind1="0" ind2="0"><marcx:subfield code="a">Indspillet i Los Angeles 1954-1955</marcx:subfield></marcx:datafield><marcx:datafield tag="531" ind1="0" ind2="0"><marcx:subfield code="a">Indhold:</marcx:subfield></marcx:datafield><marcx:datafield tag="538" ind1="0" ind2="0"><marcx:subfield code="f">Pacific Jazz</marcx:subfield><marcx:subfield code="g">CDP 4931612</marcx:subfield></marcx:datafield><marcx:datafield tag="652" ind1="0" ind2="0"><marcx:subfield code="m">78.793</marcx:subfield><marcx:subfield code="v">4</marcx:subfield></marcx:datafield><marcx:datafield tag="666" ind1="0" ind2="0"><marcx:subfield code="m">jazz</marcx:subfield><marcx:subfield code="m">bop</marcx:subfield><marcx:subfield code="m">west coast</marcx:subfield><marcx:subfield code="n">instrumental</marcx:subfield><marcx:subfield code="n">saxofon</marcx:subfield><marcx:subfield code="n">tenorsaxofon</marcx:subfield><marcx:subfield code="p">1950-1959</marcx:subfield><marcx:subfield code="l">USA</marcx:subfield></marcx:datafield><marcx:datafield tag="700" ind1="0" ind2="0"><marcx:subfield code="a">Gordon</marcx:subfield><marcx:subfield code="h">Bob</marcx:subfield></marcx:datafield><marcx:datafield tag="700" ind1="0" ind2="0"><marcx:subfield code="a">Candoli</marcx:subfield><marcx:subfield code="h">Conte</marcx:subfield></marcx:datafield><marcx:datafield tag="700" ind1="0" ind2="0"><marcx:subfield code="a">Moer</marcx:subfield><marcx:subfield code="h">Paul</marcx:subfield></marcx:datafield><marcx:datafield tag="700" ind1="0" ind2="0"><marcx:subfield code="a">Pena</marcx:subfield><marcx:subfield code="h">Ralph</marcx:subfield></marcx:datafield><marcx:datafield tag="700" ind1="0" ind2="0"><marcx:subfield code="a">Mondragon</marcx:subfield><marcx:subfield code="h">Joe</marcx:subfield></marcx:datafield><marcx:datafield tag="700" ind1="0" ind2="0"><marcx:subfield code="a">Schneider</marcx:subfield><marcx:subfield code="h">Billy</marcx:subfield></marcx:datafield><marcx:datafield tag="795" ind1="0" ind2="0"><marcx:subfield code="å">11</marcx:subfield><marcx:subfield code="a">Listen, hear</marcx:subfield><marcx:subfield code="a">Bewitched, bothered and bewildered</marcx:subfield><marcx:subfield code="a">Some good fun blues</marcx:subfield><marcx:subfield code="a">Fools rush in</marcx:subfield><marcx:subfield code="a">Speakeasy</marcx:subfield><marcx:subfield code="a">Credo</marcx:subfield><marcx:subfield code="a">Pretty</marcx:subfield><marcx:subfield code="a">That old feeling</marcx:subfield><marcx:subfield code="a">Meet Mr. Gordon</marcx:subfield><marcx:subfield code="a">Modus operandi</marcx:subfield><marcx:subfield code="a">What a difference a day makes</marcx:subfield><marcx:subfield code="a">Onion bottom</marcx:subfield><marcx:subfield code="a">Tea for two</marcx:subfield><marcx:subfield code="a">Two can play</marcx:subfield><marcx:subfield code="a">For Sue</marcx:subfield><marcx:subfield code="a">Love is here to stay</marcx:subfield><marcx:subfield code="a">Two can play (alt. take)</marcx:subfield></marcx:datafield><marcx:datafield tag="996" ind1="0" ind2="0"><marcx:subfield code="a">718100</marcx:subfield></marcx:datafield></marcx:record>