
<marcx:record format="danMARC2" type="Bibliographic" xmlns:marcx="info:lc/xmlns/marcxchange-v1"><marcx:leader>00000n    2200000   4500</marcx:leader><marcx:datafield tag="001" ind1="0" ind2="0"><marcx:subfield code="a">41978252</marcx:subfield><marcx:subfield code="b">191919</marcx:subfield><marcx:subfield code="c">19990510205903</marcx:subfield><marcx:subfield code="d">19990510</marcx:subfield><marcx:subfield code="f">a</marcx:subfield></marcx:datafield><marcx:datafield tag="002" ind1="0" ind2="0"><marcx:subfield code="b">718100</marcx:subfield><marcx:subfield code="c">90124102</marcx:subfield><marcx:subfield code="x">71810090124102</marcx:subfield></marcx:datafield><marcx:datafield tag="004" ind1="0" ind2="0"><marcx:subfield code="r">n</marcx:subfield><marcx:subfield code="a">e</marcx:subfield></marcx:datafield><marcx:datafield tag="008" ind1="0" ind2="0"><marcx:subfield code="t">s</marcx:subfield><marcx:subfield code="v">0</marcx:subfield></marcx:datafield><marcx:datafield tag="009" ind1="0" ind2="0"><marcx:subfield code="a">s</marcx:subfield><marcx:subfield code="g">xc</marcx:subfield></marcx:datafield><marcx:datafield tag="039" ind1="0" ind2="0"><marcx:subfield code="a">jaz</marcx:subfield></marcx:datafield><marcx:datafield tag="100" ind1="0" ind2="0"><marcx:subfield code="a">Quinichette</marcx:subfield><marcx:subfield code="h">Paul</marcx:subfield></marcx:datafield><marcx:datafield tag="245" ind1="0" ind2="0"><marcx:subfield code="a">Complete Dawn sessions</marcx:subfield><marcx:subfield code="e">Paul Quinichette med Joe Newman, Thad Jones, Nat Pierce, Gene Roland, Oscar Pettiford, Sonny Payne, Freddie Green ... et al</marcx:subfield></marcx:datafield><marcx:datafield tag="260" ind1="0" ind2="0"><marcx:subfield code="b">Dawn</marcx:subfield></marcx:datafield><marcx:datafield tag="512" ind1="0" ind2="0"><marcx:subfield code="a">På omslaget: The kid from Denver</marcx:subfield></marcx:datafield><marcx:datafield tag="520" ind1="0" ind2="0"><marcx:subfield code="a">Indspillet 1956-1957</marcx:subfield></marcx:datafield><marcx:datafield tag="531" ind1="0" ind2="0"><marcx:subfield code="a">Indhold:</marcx:subfield></marcx:datafield><marcx:datafield tag="538" ind1="0" ind2="0"><marcx:subfield code="f">Dawn</marcx:subfield><marcx:subfield code="g">DCD 106</marcx:subfield></marcx:datafield><marcx:datafield tag="652" ind1="0" ind2="0"><marcx:subfield code="m">78.793</marcx:subfield><marcx:subfield code="v">3</marcx:subfield></marcx:datafield><marcx:datafield tag="666" ind1="0" ind2="0"><marcx:subfield code="m">jazz</marcx:subfield><marcx:subfield code="m">swing</marcx:subfield><marcx:subfield code="n">saxofon</marcx:subfield><marcx:subfield code="n">tenorsaxofon</marcx:subfield><marcx:subfield code="p">1950-1959</marcx:subfield><marcx:subfield code="l">USA</marcx:subfield></marcx:datafield><marcx:datafield tag="700" ind1="0" ind2="0"><marcx:subfield code="a">Newman</marcx:subfield><marcx:subfield code="h">Joe</marcx:subfield></marcx:datafield><marcx:datafield tag="700" ind1="0" ind2="0"><marcx:subfield code="a">Jones</marcx:subfield><marcx:subfield code="h">Thad</marcx:subfield></marcx:datafield><marcx:datafield tag="700" ind1="0" ind2="0"><marcx:subfield code="a">Pierce</marcx:subfield><marcx:subfield code="h">Nat</marcx:subfield></marcx:datafield><marcx:datafield tag="700" ind1="0" ind2="0"><marcx:subfield code="a">Roland</marcx:subfield><marcx:subfield code="h">Gene</marcx:subfield></marcx:datafield><marcx:datafield tag="700" ind1="0" ind2="0"><marcx:subfield code="a">Green</marcx:subfield><marcx:subfield code="h">Freddie</marcx:subfield></marcx:datafield><marcx:datafield tag="700" ind1="0" ind2="0"><marcx:subfield code="a">Pettiford</marcx:subfield><marcx:subfield code="h">Oscar</marcx:subfield></marcx:datafield><marcx:datafield tag="700" ind1="0" ind2="0"><marcx:subfield code="a">Payne</marcx:subfield><marcx:subfield code="h">Sonny</marcx:subfield></marcx:datafield><marcx:datafield tag="795" ind1="0" ind2="0"><marcx:subfield code="å">11</marcx:subfield><marcx:subfield code="a">Come rain or come shine</marcx:subfield><marcx:subfield code="a">Pardon the blues, please</marcx:subfield><marcx:subfield code="a">Start here</marcx:subfield><marcx:subfield code="a">Pennies from heaven</marcx:subfield><marcx:subfield code="a">Happy feeling</marcx:subfield><marcx:subfield code="a">Honeysuckle rose</marcx:subfield><marcx:subfield code="a">Big deal</marcx:subfield><marcx:subfield code="a">The ¤kid from Denver</marcx:subfield><marcx:subfield code="a">These foolish things</marcx:subfield><marcx:subfield code="a">Along about this time of the year</marcx:subfield><marcx:subfield code="a">Colonel Hodge</marcx:subfield><marcx:subfield code="a">If I'm lucky</marcx:subfield><marcx:subfield code="a">No moon at all</marcx:subfield><marcx:subfield code="a">The ¤creeper</marcx:subfield><marcx:subfield code="a">Big George</marcx:subfield><marcx:subfield code="a">I never knew</marcx:subfield><marcx:subfield code="a">You leave me breathless</marcx:subfield><marcx:subfield code="a">I'd know you anywhere</marcx:subfield><marcx:subfield code="a">Suitcase</marcx:subfield><marcx:subfield code="a">Minor scene</marcx:subfield></marcx:datafield><marcx:datafield tag="996" ind1="0" ind2="0"><marcx:subfield code="a">718100</marcx:subfield></marcx:datafield></marcx:record>