
<marcx:record format="danMARC2" type="Bibliographic" xmlns:marcx="info:lc/xmlns/marcxchange-v1"><marcx:leader>00000n    2200000   4500</marcx:leader><marcx:datafield tag="001" ind1="0" ind2="0"><marcx:subfield code="a">22888544</marcx:subfield><marcx:subfield code="b">191919</marcx:subfield><marcx:subfield code="c">20111203083440</marcx:subfield><marcx:subfield code="d">20000417</marcx:subfield><marcx:subfield code="f">a</marcx:subfield></marcx:datafield><marcx:datafield tag="004" ind1="0" ind2="0"><marcx:subfield code="r">n</marcx:subfield><marcx:subfield code="a">e</marcx:subfield></marcx:datafield><marcx:datafield tag="008" ind1="0" ind2="0"><marcx:subfield code="t">s</marcx:subfield><marcx:subfield code="u">r</marcx:subfield><marcx:subfield code="a">2000</marcx:subfield><marcx:subfield code="z">2001</marcx:subfield><marcx:subfield code="b">dk</marcx:subfield><marcx:subfield code="l">dan</marcx:subfield><marcx:subfield code="x">06</marcx:subfield><marcx:subfield code="v">0</marcx:subfield></marcx:datafield><marcx:datafield tag="009" ind1="0" ind2="0"><marcx:subfield code="a">a</marcx:subfield><marcx:subfield code="g">xx</marcx:subfield></marcx:datafield><marcx:datafield tag="017" ind1="0" ind2="0"><marcx:subfield code="a">22201247</marcx:subfield></marcx:datafield><marcx:datafield tag="021" ind1="0" ind2="0"><marcx:subfield code="a">87-00-41286-4</marcx:subfield><marcx:subfield code="c">hf.</marcx:subfield><marcx:subfield code="d">kr. 307,00</marcx:subfield></marcx:datafield><marcx:datafield tag="032" ind1="0" ind2="0"><marcx:subfield code="a">DBF200142</marcx:subfield><marcx:subfield code="x">SFD200142</marcx:subfield><marcx:subfield code="x">ACC200138</marcx:subfield><marcx:subfield code="x">DAT991149</marcx:subfield></marcx:datafield><marcx:datafield tag="245" ind1="0" ind2="0"><marcx:subfield code="a">Socialpolitik</marcx:subfield><marcx:subfield code="e">redigeret af Jørgen Elm Larsen og Iver Hornemann Møller</marcx:subfield></marcx:datafield><marcx:datafield tag="250" ind1="0" ind2="0"><marcx:subfield code="a">1. udgave</marcx:subfield><marcx:subfield code="b">÷</marcx:subfield><marcx:subfield code="x">3. oplag</marcx:subfield></marcx:datafield><marcx:datafield tag="260" ind1="0" ind2="0"><marcx:subfield code="&amp;">1</marcx:subfield><marcx:subfield code="a">[Kbh.]</marcx:subfield><marcx:subfield code="b">Gyldendal Uddannelse</marcx:subfield><marcx:subfield code="c">2001</marcx:subfield><marcx:subfield code="k">Nørhaven</marcx:subfield></marcx:datafield><marcx:datafield tag="300" ind1="0" ind2="0"><marcx:subfield code="a">378 sider</marcx:subfield><marcx:subfield code="b">ill.</marcx:subfield></marcx:datafield><marcx:datafield tag="440" ind1="0" ind2="0"><marcx:subfield code="0"/><marcx:subfield code="a">Socialpædagogisk bibliotek</marcx:subfield></marcx:datafield><marcx:datafield tag="520" ind1="0" ind2="0"><marcx:subfield code="a">Tidligere: 1. udgave, 2. oplag. 2000. - 1. udgave. Kbh. : Munksgꜳrd, 1998. 377 sider</marcx:subfield></marcx:datafield><marcx:datafield tag="521" ind1="0" ind2="0"><marcx:subfield code="a">2. oplag</marcx:subfield><marcx:subfield code="c">2000</marcx:subfield></marcx:datafield><marcx:datafield tag="521" ind1="0" ind2="0"><marcx:subfield code="b">3. oplag</marcx:subfield><marcx:subfield code="c">2001</marcx:subfield></marcx:datafield><marcx:datafield tag="530" ind1="0" ind2="0"><marcx:subfield code="&amp;">1</marcx:subfield><marcx:subfield code="a">Indhold: Jørgen Elm Larsen: Det største socialpolitiske problem ; Teorier om velfærdsstat og socialpolitik / Jørgen Elm Larsen &amp; Iver Hornemann Møller. Claus B. Olsen: Socialpolitik - hvad er det? / Claus B. Olsen &amp; Niels Rasmussen. Iver Hornemann Møller: De tre socialreformer i moderne tid. Sven Bislev: Socialpolitiske modeller. Anette Borchorst: Køn, velfærdsstatsmodeller og familiepolitik. Birte Siim: Det sociale medborgerskab. John Andersen: Fattigdom / John Andersen &amp; Jørgen Elm Larsen. Margaretha Järvinen: Socialt udstødte. Tine Egelund: Beskyttelse af børn. Morten Ejrnæs: Socialpolitikkens virkninger : integration og selvbestemmelse eller differentieringog disciplinering?. Jens Lind: Socialpolitik og arbejde. Frank Ebsen: Kommunaliseringen af socialpolitik. Peter Abrahamson: Socialpolitik i EU - konvergens eller divergens?. Henning Hansen: Sociale udgifter</marcx:subfield></marcx:datafield><marcx:datafield tag="530" ind1="0" ind2="0"><marcx:subfield code="&amp;">1</marcx:subfield><marcx:subfield code="a">Finn Kenneth Hansen: Socialpolitik og fordeling. Viggo Jonasen: Ændringer i den socialpolitiske dagsorden fra 1960 til 1996. Tore Jacob Hegland: Socialpolitik og forsøgsvirksomhed / Tore Jacob Hegland &amp; Lars Hulgård. Thomas P. Boje: Socialpolitik under forandring - på vej mod nye former for solidaritet</marcx:subfield></marcx:datafield><marcx:datafield tag="532" ind1="0" ind2="0"><marcx:subfield code="&amp;">1</marcx:subfield><marcx:subfield code="a">Med litteraturhenvisninger</marcx:subfield></marcx:datafield><marcx:datafield tag="652" ind1="0" ind2="0"><marcx:subfield code="m">33.9</marcx:subfield></marcx:datafield><marcx:datafield tag="666" ind1="0" ind2="0"><marcx:subfield code="0"/><marcx:subfield code="f">socialpolitik</marcx:subfield></marcx:datafield><marcx:datafield tag="700" ind1="0" ind2="0"><marcx:subfield code="0"/><marcx:subfield code="å">1</marcx:subfield><marcx:subfield code="a">Elm Larsen</marcx:subfield><marcx:subfield code="h">Jørgen</marcx:subfield></marcx:datafield><marcx:datafield tag="700" ind1="0" ind2="0"><marcx:subfield code="0"/><marcx:subfield code="å">2</marcx:subfield><marcx:subfield code="a">Hornemann Møller</marcx:subfield><marcx:subfield code="h">Iver</marcx:subfield></marcx:datafield><marcx:datafield tag="900" ind1="0" ind2="0"><marcx:subfield code="0"/><marcx:subfield code="a">Larsen</marcx:subfield><marcx:subfield code="h">Jørgen Elm</marcx:subfield><marcx:subfield code="z">700/1</marcx:subfield></marcx:datafield><marcx:datafield tag="900" ind1="0" ind2="0"><marcx:subfield code="0"/><marcx:subfield code="a">Møller</marcx:subfield><marcx:subfield code="h">Iver Hornemann</marcx:subfield><marcx:subfield code="z">700/2</marcx:subfield></marcx:datafield><marcx:datafield tag="990" ind1="0" ind2="0"><marcx:subfield code="a">SFD</marcx:subfield><marcx:subfield code="o">200142</marcx:subfield><marcx:subfield code="c">A</marcx:subfield></marcx:datafield><marcx:datafield tag="996" ind1="0" ind2="0"><marcx:subfield code="a">DBC</marcx:subfield></marcx:datafield></marcx:record>