
<marcx:record format="danMARC2" type="Bibliographic" xmlns:marcx="info:lc/xmlns/marcxchange-v1"><marcx:leader>00000n    2200000   4500</marcx:leader><marcx:datafield tag="001" ind1="0" ind2="0"><marcx:subfield code="a">22446800</marcx:subfield><marcx:subfield code="b">191919</marcx:subfield><marcx:subfield code="c">20050825213002</marcx:subfield><marcx:subfield code="d">19990512</marcx:subfield><marcx:subfield code="f">a</marcx:subfield></marcx:datafield><marcx:datafield tag="004" ind1="0" ind2="0"><marcx:subfield code="r">n</marcx:subfield><marcx:subfield code="a">e</marcx:subfield></marcx:datafield><marcx:datafield tag="008" ind1="0" ind2="0"><marcx:subfield code="t">m</marcx:subfield><marcx:subfield code="u">f</marcx:subfield><marcx:subfield code="a">1999</marcx:subfield><marcx:subfield code="b">gb</marcx:subfield><marcx:subfield code="l">eng</marcx:subfield><marcx:subfield code="v">0</marcx:subfield></marcx:datafield><marcx:datafield tag="009" ind1="0" ind2="0"><marcx:subfield code="a">t</marcx:subfield><marcx:subfield code="g">tb</marcx:subfield><marcx:subfield code="b">a</marcx:subfield><marcx:subfield code="h">xx</marcx:subfield></marcx:datafield><marcx:datafield tag="021" ind1="0" ind2="0"><marcx:subfield code="d">Kr. 475,00</marcx:subfield><marcx:subfield code="b">til udlån</marcx:subfield></marcx:datafield><marcx:datafield tag="032" ind1="0" ind2="0"><marcx:subfield code="x">UTI199920</marcx:subfield><marcx:subfield code="x">DAT990535</marcx:subfield></marcx:datafield><marcx:datafield tag="245" ind1="0" ind2="0"><marcx:subfield code="a">Colin McRae rally</marcx:subfield></marcx:datafield><marcx:datafield tag="260" ind1="0" ind2="0"><marcx:subfield code="a">Warwickshire</marcx:subfield><marcx:subfield code="b">Codemasters</marcx:subfield><marcx:subfield code="f">[Ballerup]</marcx:subfield><marcx:subfield code="g">[eksp. Indbindingscentralen]</marcx:subfield><marcx:subfield code="c">1998</marcx:subfield></marcx:datafield><marcx:datafield tag="300" ind1="0" ind2="0"><marcx:subfield code="n">1 cd-rom</marcx:subfield><marcx:subfield code="b">lyd, farve</marcx:subfield><marcx:subfield code="d">1 vejledning</marcx:subfield></marcx:datafield><marcx:datafield tag="501" ind1="0" ind2="0"><marcx:subfield code="a">Systemkrav: Pc, Pentium/166 MHz; 16 MB ram; Windows 95 eller 98; 4× cd-rom-drev; DirectX 6.0 understøttet lydkort; DirextX 6.0 understøttet 3D grafikkort (PCI/AGP) med 2 MB ram</marcx:subfield></marcx:datafield><marcx:datafield tag="505" ind1="0" ind2="0"><marcx:subfield code="a">Interaktivt multimedie</marcx:subfield></marcx:datafield><marcx:datafield tag="512" ind1="0" ind2="0"><marcx:subfield code="a">Titlen hentet fra cd-rometiket</marcx:subfield></marcx:datafield><marcx:datafield tag="652" ind1="0" ind2="0"><marcx:subfield code="m">79.41</marcx:subfield></marcx:datafield><marcx:datafield tag="700" ind1="0" ind2="0"><marcx:subfield code="A">macrae</marcx:subfield><marcx:subfield code="a">McRae</marcx:subfield><marcx:subfield code="h">Colin</marcx:subfield></marcx:datafield><marcx:datafield tag="745" ind1="0" ind2="0"><marcx:subfield code="a">Rally</marcx:subfield></marcx:datafield><marcx:datafield tag="996" ind1="0" ind2="0"><marcx:subfield code="a">DBC</marcx:subfield></marcx:datafield></marcx:record>