
<marcx:record format="danMARC2" type="Bibliographic" xmlns:marcx="info:lc/xmlns/marcxchange-v1"><marcx:leader>00000n    2200000   4500</marcx:leader><marcx:datafield tag="001" ind1="0" ind2="0"><marcx:subfield code="a">22446126</marcx:subfield><marcx:subfield code="b">191919</marcx:subfield><marcx:subfield code="c">19990612212319</marcx:subfield><marcx:subfield code="d">19990511</marcx:subfield><marcx:subfield code="f">a</marcx:subfield></marcx:datafield><marcx:datafield tag="004" ind1="0" ind2="0"><marcx:subfield code="r">n</marcx:subfield><marcx:subfield code="a">e</marcx:subfield></marcx:datafield><marcx:datafield tag="008" ind1="0" ind2="0"><marcx:subfield code="t">s</marcx:subfield><marcx:subfield code="u">f</marcx:subfield><marcx:subfield code="a">1999</marcx:subfield><marcx:subfield code="b">dk</marcx:subfield><marcx:subfield code="l">dan</marcx:subfield><marcx:subfield code="v">0</marcx:subfield></marcx:datafield><marcx:datafield tag="009" ind1="0" ind2="0"><marcx:subfield code="a">a</marcx:subfield><marcx:subfield code="g">xx</marcx:subfield></marcx:datafield><marcx:datafield tag="021" ind1="0" ind2="0"><marcx:subfield code="a">87-7394-550-1</marcx:subfield><marcx:subfield code="c">hf.</marcx:subfield><marcx:subfield code="d">kr. 225,00</marcx:subfield></marcx:datafield><marcx:datafield tag="032" ind1="0" ind2="0"><marcx:subfield code="a">DBF199923</marcx:subfield><marcx:subfield code="x">SFD199923</marcx:subfield></marcx:datafield><marcx:datafield tag="245" ind1="0" ind2="0"><marcx:subfield code="a">Hvad er metafysik - i dag?</marcx:subfield><marcx:subfield code="c">13 bud på et svar</marcx:subfield><marcx:subfield code="e">redaktion: Dorte Jørgensen ... [et al.] og Idéhistorisk Forening</marcx:subfield></marcx:datafield><marcx:datafield tag="250" ind1="0" ind2="0"><marcx:subfield code="x">1. oplag</marcx:subfield></marcx:datafield><marcx:datafield tag="260" ind1="0" ind2="0"><marcx:subfield code="&amp;">1</marcx:subfield><marcx:subfield code="a">Århus</marcx:subfield><marcx:subfield code="b">Modtryk</marcx:subfield><marcx:subfield code="c">1999</marcx:subfield><marcx:subfield code="k">Special-Trykkeriet, Viborg</marcx:subfield></marcx:datafield><marcx:datafield tag="300" ind1="0" ind2="0"><marcx:subfield code="a">188 sider</marcx:subfield></marcx:datafield><marcx:datafield tag="440" ind1="0" ind2="0"><marcx:subfield code="0"/><marcx:subfield code="a">Modtryks teoribøger</marcx:subfield></marcx:datafield><marcx:datafield tag="530" ind1="0" ind2="0"><marcx:subfield code="&amp;">1</marcx:subfield><marcx:subfield code="a">Indhold: Krop (Peter Kemp: Kroppens ansigt. Ole Fogh Kirkeby: Krop og metafysik). Naturvidenskab (Helge Kragh: Fysik, kosmologi og metafysik. Stig Andur Pedersen: Kosmologi og metafysik). Æstetik (Morten Kyndrup: Metafysik og æstetik. Frederik Stjernfeldt: Overskridelsens vulgærmetafysik). Sprog (Jørgen Husted: Analytisk sprogfilosofi og metafysik). Modernitet (Hans Jørgen Schanz: Et fællestræk ved metafysik og modernitet. Hans Jørgen Thomsen: En blandt mange. Dorthe Jørgensen: Metafysisk erfaring</marcx:subfield></marcx:datafield><marcx:datafield tag="532" ind1="0" ind2="0"><marcx:subfield code="&amp;">1</marcx:subfield><marcx:subfield code="a">Med litteraturhenvisninger</marcx:subfield></marcx:datafield><marcx:datafield tag="652" ind1="0" ind2="0"><marcx:subfield code="m">12</marcx:subfield></marcx:datafield><marcx:datafield tag="666" ind1="0" ind2="0"><marcx:subfield code="0"/><marcx:subfield code="f">metafysik</marcx:subfield></marcx:datafield><marcx:datafield tag="666" ind1="0" ind2="0"><marcx:subfield code="0"/><marcx:subfield code="f">filosofi</marcx:subfield></marcx:datafield><marcx:datafield tag="666" ind1="0" ind2="0"><marcx:subfield code="0"/><marcx:subfield code="o">foredrag</marcx:subfield></marcx:datafield><marcx:datafield tag="700" ind1="0" ind2="0"><marcx:subfield code="0"/><marcx:subfield code="a">Jørgensen</marcx:subfield><marcx:subfield code="h">Dorthe</marcx:subfield><marcx:subfield code="c">f. 1959</marcx:subfield></marcx:datafield><marcx:datafield tag="710" ind1="0" ind2="0"><marcx:subfield code="a">Idéhistorisk Forening</marcx:subfield></marcx:datafield><marcx:datafield tag="990" ind1="0" ind2="0"><marcx:subfield code="a">SFD</marcx:subfield><marcx:subfield code="c">H</marcx:subfield><marcx:subfield code="o">199923</marcx:subfield></marcx:datafield><marcx:datafield tag="996" ind1="0" ind2="0"><marcx:subfield code="a">DBC</marcx:subfield></marcx:datafield></marcx:record>