
<record xsi:schemaLocation="http://www.loc.gov/standards/iso25577/marcxchange-1-1.xsd" xmlns="info:lc/xmlns/marcxchange-v1" xmlns:xsi="http://www.w3.org/2001/XMLSchema-instance"><leader>00000n    2200000   4500</leader><datafield tag="001" ind1="0" ind2="0"><subfield code="a">51911504</subfield><subfield code="b">191919</subfield><subfield code="c">20150914124338</subfield><subfield code="d">20150827</subfield><subfield code="f">a</subfield></datafield><datafield tag="004" ind1="0" ind2="0"><subfield code="r">n</subfield><subfield code="a">e</subfield></datafield><datafield tag="008" ind1="0" ind2="0"><subfield code="t">m</subfield><subfield code="u">f</subfield><subfield code="a">2015</subfield><subfield code="b">dk</subfield><subfield code="d">y</subfield><subfield code="l">dan</subfield><subfield code="x">04</subfield><subfield code="v">0</subfield></datafield><datafield tag="009" ind1="0" ind2="0"><subfield code="a">a</subfield><subfield code="g">xx</subfield></datafield><datafield tag="021" ind1="0" ind2="0"><subfield code="e">9788790775858</subfield><subfield code="c">hf.</subfield></datafield><datafield tag="032" ind1="0" ind2="0"><subfield code="x">ACC201535</subfield><subfield code="a">DBF201540</subfield></datafield><datafield tag="245" ind1="0" ind2="0"><subfield code="a">Bæredygtige forstyrrelser</subfield><subfield code="c">en rapport om to års samarbejde mellem virksomheder og designere</subfield></datafield><datafield tag="260" ind1="0" ind2="0"><subfield code="a">Kolding</subfield><subfield code="b">Designskolen Kolding</subfield><subfield code="b">Design2innovate</subfield><subfield code="c">2015</subfield></datafield><datafield tag="300" ind1="0" ind2="0"><subfield code="a">117 sider</subfield><subfield code="b">ill. (nogle i farver)</subfield></datafield><datafield tag="512" ind1="0" ind2="0"><subfield code="a">Katalogiseret efter omslaget</subfield></datafield><datafield tag="521" ind1="0" ind2="0"><subfield code="&amp;">REX</subfield><subfield code="b">1. oplag</subfield><subfield code="c">2015</subfield></datafield><datafield tag="652" ind1="0" ind2="0"><subfield code="m">60.1</subfield></datafield><datafield tag="700" ind1="0" ind2="0"><subfield code="a">Kjær</subfield><subfield code="h">Lykke</subfield><subfield code="4">aut</subfield></datafield><datafield tag="700" ind1="0" ind2="0"><subfield code="å">1</subfield><subfield code="a">Reinhardt Jakobsen</subfield><subfield code="h">Mette</subfield><subfield code="4">aut</subfield></datafield><datafield tag="710" ind1="0" ind2="0"><subfield code="a">Designskolen Kolding</subfield></datafield><datafield tag="710" ind1="0" ind2="0"><subfield code="a">Bæredygtige Forstyrelser</subfield><subfield code="e">projekt</subfield></datafield><datafield tag="710" ind1="0" ind2="0"><subfield code="å">1</subfield><subfield code="a">Design2Innovate</subfield><subfield code="e">projekt</subfield></datafield><datafield tag="720" ind1="0" ind2="0"><subfield code="o">Brian Frandsen</subfield><subfield code="4">ctb</subfield><subfield code="g">1</subfield></datafield><datafield tag="720" ind1="0" ind2="0"><subfield code="o">Kirsten Bohl</subfield><subfield code="4">edt</subfield></datafield><datafield tag="900" ind1="0" ind2="0"><subfield code="a">Jakobsen</subfield><subfield code="h">Mette Reinhardt</subfield><subfield code="z">700/1</subfield></datafield><datafield tag="910" ind1="0" ind2="0"><subfield code="a">D2I</subfield><subfield code="e">projekt</subfield><subfield code="z">710/1</subfield></datafield><datafield tag="996" ind1="0" ind2="0"><subfield code="a">DBC</subfield></datafield></record>