
<marcx:record format="danMARC2" type="Bibliographic" xmlns:marcx="info:lc/xmlns/marcxchange-v1"><marcx:leader>00000n    2200000   4500</marcx:leader><marcx:datafield tag="001" ind1="0" ind2="0"><marcx:subfield code="a">25798937</marcx:subfield><marcx:subfield code="b">191919</marcx:subfield><marcx:subfield code="c">20061017235659</marcx:subfield><marcx:subfield code="d">20060316</marcx:subfield><marcx:subfield code="f">a</marcx:subfield></marcx:datafield><marcx:datafield tag="004" ind1="0" ind2="0"><marcx:subfield code="r">n</marcx:subfield><marcx:subfield code="a">e</marcx:subfield></marcx:datafield><marcx:datafield tag="005" ind1="0" ind2="0"><marcx:subfield code="h">e</marcx:subfield></marcx:datafield><marcx:datafield tag="008" ind1="0" ind2="0"><marcx:subfield code="t">m</marcx:subfield><marcx:subfield code="u">f</marcx:subfield><marcx:subfield code="a">2004</marcx:subfield><marcx:subfield code="b">gb</marcx:subfield><marcx:subfield code="l">ita</marcx:subfield><marcx:subfield code="v">0</marcx:subfield></marcx:datafield><marcx:datafield tag="009" ind1="0" ind2="0"><marcx:subfield code="a">s</marcx:subfield><marcx:subfield code="b">m</marcx:subfield><marcx:subfield code="g">th</marcx:subfield><marcx:subfield code="b">a</marcx:subfield><marcx:subfield code="h">xx</marcx:subfield></marcx:datafield><marcx:datafield tag="021" ind1="0" ind2="0"><marcx:subfield code="d">Kr. 119,00</marcx:subfield><marcx:subfield code="b">DBC mediers brugsretskategori: D</marcx:subfield><marcx:subfield code="b">DBC medier</marcx:subfield></marcx:datafield><marcx:datafield tag="021" ind1="0" ind2="0"><marcx:subfield code="d">Kr. 500,00</marcx:subfield><marcx:subfield code="b">brugsretskategori: D</marcx:subfield><marcx:subfield code="b">Front Row</marcx:subfield></marcx:datafield><marcx:datafield tag="023" ind1="0" ind2="0"><marcx:subfield code="a">0809478030034</marcx:subfield></marcx:datafield><marcx:datafield tag="032" ind1="0" ind2="0"><marcx:subfield code="x">SFG200642</marcx:subfield></marcx:datafield><marcx:datafield tag="039" ind1="0" ind2="0"><marcx:subfield code="a">opr</marcx:subfield></marcx:datafield><marcx:datafield tag="041" ind1="0" ind2="0"><marcx:subfield code="a">ita</marcx:subfield><marcx:subfield code="u">eng</marcx:subfield></marcx:datafield><marcx:datafield tag="100" ind1="0" ind2="0"><marcx:subfield code="a">Donizetti</marcx:subfield><marcx:subfield code="h">Gaetano</marcx:subfield></marcx:datafield><marcx:datafield tag="239" ind1="0" ind2="0"><marcx:subfield code="t">Lucia di Lammermoor</marcx:subfield><marcx:subfield code="ø">Ranzani</marcx:subfield></marcx:datafield><marcx:datafield tag="245" ind1="0" ind2="0"><marcx:subfield code="a">Lucia di Lammermoor</marcx:subfield><marcx:subfield code="e">Gaetano Donizetti</marcx:subfield><marcx:subfield code="e">solister: Mariella Devia, Vincenzo la Scola, Renato Bruson, Marco Berti ... [et al.]</marcx:subfield><marcx:subfield code="e">Orchestra &amp; Chorus of Teatro alla Scala</marcx:subfield><marcx:subfield code="e">dirigent: Stefano Ranzani</marcx:subfield><marcx:subfield code="e">stage director Pier' Alli</marcx:subfield><marcx:subfield code="e">regia televisiva Pier' Alli</marcx:subfield></marcx:datafield><marcx:datafield tag="260" ind1="0" ind2="0"><marcx:subfield code="a">Heathfield, East Sussex</marcx:subfield><marcx:subfield code="b">Opus Arte</marcx:subfield><marcx:subfield code="c">cop. 2004</marcx:subfield></marcx:datafield><marcx:datafield tag="300" ind1="0" ind2="0"><marcx:subfield code="n">1 dvd-video</marcx:subfield><marcx:subfield code="l">ca. 2 t., 20 min.</marcx:subfield><marcx:subfield code="d">1 tekst- og kommentarhæfte</marcx:subfield></marcx:datafield><marcx:datafield tag="440" ind1="0" ind2="0"><marcx:subfield code="0"/><marcx:subfield code="a">La ¤Scala collection</marcx:subfield></marcx:datafield><marcx:datafield tag="508" ind1="0" ind2="0"><marcx:subfield code="a">Sunget på italiensk</marcx:subfield></marcx:datafield><marcx:datafield tag="508" ind1="0" ind2="0"><marcx:subfield code="a">Undertekster på engelsk</marcx:subfield></marcx:datafield><marcx:datafield tag="512" ind1="0" ind2="0"><marcx:subfield code="a">Live-optagelse, Teatro alla Scala, Milano, Italien 14. maj 1992</marcx:subfield></marcx:datafield><marcx:datafield tag="538" ind1="0" ind2="0"><marcx:subfield code="f">Opus Arte</marcx:subfield><marcx:subfield code="g">OALS 3003 D</marcx:subfield></marcx:datafield><marcx:datafield tag="652" ind1="0" ind2="0"><marcx:subfield code="m">78.81</marcx:subfield><marcx:subfield code="v">2</marcx:subfield></marcx:datafield><marcx:datafield tag="666" ind1="0" ind2="0"><marcx:subfield code="0"/><marcx:subfield code="m">romantik</marcx:subfield><marcx:subfield code="m">opera</marcx:subfield><marcx:subfield code="n">vokal</marcx:subfield><marcx:subfield code="p">1830-1839</marcx:subfield><marcx:subfield code="l">Italien</marcx:subfield></marcx:datafield><marcx:datafield tag="700" ind1="0" ind2="0"><marcx:subfield code="a">Alli</marcx:subfield><marcx:subfield code="h">Pier'</marcx:subfield></marcx:datafield><marcx:datafield tag="700" ind1="0" ind2="0"><marcx:subfield code="a">Berti</marcx:subfield><marcx:subfield code="h">Marco</marcx:subfield></marcx:datafield><marcx:datafield tag="700" ind1="0" ind2="0"><marcx:subfield code="a">Bruson</marcx:subfield><marcx:subfield code="h">Renato</marcx:subfield></marcx:datafield><marcx:datafield tag="700" ind1="0" ind2="0"><marcx:subfield code="a">Devia</marcx:subfield><marcx:subfield code="h">Mariella</marcx:subfield></marcx:datafield><marcx:datafield tag="700" ind1="0" ind2="0"><marcx:subfield code="å">1</marcx:subfield><marcx:subfield code="A">lascola</marcx:subfield><marcx:subfield code="a">La Scola</marcx:subfield><marcx:subfield code="h">Vincenzo</marcx:subfield></marcx:datafield><marcx:datafield tag="700" ind1="0" ind2="0"><marcx:subfield code="a">Ranzani</marcx:subfield><marcx:subfield code="h">Stefano</marcx:subfield></marcx:datafield><marcx:datafield tag="710" ind1="0" ind2="0"><marcx:subfield code="a">Scala-Operaens Kor</marcx:subfield></marcx:datafield><marcx:datafield tag="710" ind1="0" ind2="0"><marcx:subfield code="a">Scala-Operaens Orkester</marcx:subfield></marcx:datafield><marcx:datafield tag="900" ind1="0" ind2="0"><marcx:subfield code="a">Scola</marcx:subfield><marcx:subfield code="h">Vincenzo La</marcx:subfield><marcx:subfield code="z">700/1</marcx:subfield></marcx:datafield><marcx:datafield tag="990" ind1="0" ind2="0"><marcx:subfield code="a">SFG</marcx:subfield><marcx:subfield code="c">D</marcx:subfield><marcx:subfield code="o">200642</marcx:subfield></marcx:datafield><marcx:datafield tag="996" ind1="0" ind2="0"><marcx:subfield code="a">DBC</marcx:subfield></marcx:datafield></marcx:record>