
<marcx:record format="danMARC2" type="Bibliographic" xmlns:marcx="info:lc/xmlns/marcxchange-v1"><marcx:leader>00000n    2200000   4500</marcx:leader><marcx:datafield tag="001" ind1="0" ind2="0"><marcx:subfield code="a">22446282</marcx:subfield><marcx:subfield code="b">191919</marcx:subfield><marcx:subfield code="c">20111216115554</marcx:subfield><marcx:subfield code="d">19990511</marcx:subfield><marcx:subfield code="f">a</marcx:subfield></marcx:datafield><marcx:datafield tag="004" ind1="0" ind2="0"><marcx:subfield code="r">n</marcx:subfield><marcx:subfield code="a">e</marcx:subfield></marcx:datafield><marcx:datafield tag="008" ind1="0" ind2="0"><marcx:subfield code="t">s</marcx:subfield><marcx:subfield code="u">f</marcx:subfield><marcx:subfield code="a">1999</marcx:subfield><marcx:subfield code="b">dk</marcx:subfield><marcx:subfield code="l">dan</marcx:subfield><marcx:subfield code="o">s</marcx:subfield><marcx:subfield code="v">0</marcx:subfield></marcx:datafield><marcx:datafield tag="009" ind1="0" ind2="0"><marcx:subfield code="a">a</marcx:subfield><marcx:subfield code="b">c</marcx:subfield><marcx:subfield code="g">xx</marcx:subfield></marcx:datafield><marcx:datafield tag="021" ind1="0" ind2="0"><marcx:subfield code="a">87-7761-221-3</marcx:subfield><marcx:subfield code="c">hf.</marcx:subfield><marcx:subfield code="d">kr. 230,00 net.</marcx:subfield></marcx:datafield><marcx:datafield tag="032" ind1="0" ind2="0"><marcx:subfield code="a">DBF199922</marcx:subfield><marcx:subfield code="x">SKO200001</marcx:subfield><marcx:subfield code="x">SFD199922</marcx:subfield><marcx:subfield code="x">SAN198507</marcx:subfield></marcx:datafield><marcx:datafield tag="044" ind1="0" ind2="0"><marcx:subfield code="a">F</marcx:subfield><marcx:subfield code="b">58c</marcx:subfield></marcx:datafield><marcx:datafield tag="245" ind1="0" ind2="0"><marcx:subfield code="a">Fem middelalderviser</marcx:subfield><marcx:subfield code="c">musik, dans, drama</marcx:subfield><marcx:subfield code="e">Karin Flensborg, Kirsten Fredens</marcx:subfield><marcx:subfield code="f">redaktion: Ib Thorben Jensen og Jørgen Andresen</marcx:subfield><marcx:subfield code="f">dansesymboler: Eva Holdgꜳrd</marcx:subfield></marcx:datafield><marcx:datafield tag="250" ind1="0" ind2="0"><marcx:subfield code="a">1. udgave</marcx:subfield><marcx:subfield code="b">÷</marcx:subfield><marcx:subfield code="x">1. oplag</marcx:subfield></marcx:datafield><marcx:datafield tag="260" ind1="0" ind2="0"><marcx:subfield code="a">Herning</marcx:subfield><marcx:subfield code="b">Folkeskolens Musiklærerforening</marcx:subfield><marcx:subfield code="c">1999</marcx:subfield><marcx:subfield code="k">Jørn Thomsen Offset, Kolding</marcx:subfield></marcx:datafield><marcx:datafield tag="300" ind1="0" ind2="0"><marcx:subfield code="a">74 sider</marcx:subfield><marcx:subfield code="b">ill.</marcx:subfield><marcx:subfield code="c">28 cm</marcx:subfield></marcx:datafield><marcx:datafield tag="440" ind1="0" ind2="0"><marcx:subfield code="0"/><marcx:subfield code="a">Dansk sang B-serien</marcx:subfield><marcx:subfield code="v">B 236</marcx:subfield></marcx:datafield><marcx:datafield tag="504" ind1="0" ind2="0"><marcx:subfield code="&amp;">1</marcx:subfield><marcx:subfield code="a">Historisk baggrund, musikalsk og dramatisk fortolkning, danseforslag til viserne: Der går dans på Riber Bro, Agnete og Havmanden, Hr Oluf han rider, Harpens kraft, Torbens datter</marcx:subfield></marcx:datafield><marcx:datafield tag="509" ind1="0" ind2="0"><marcx:subfield code="a">For vekslende besætning</marcx:subfield></marcx:datafield><marcx:datafield tag="526" ind1="0" ind2="0"><marcx:subfield code="a">Hertil findes video</marcx:subfield></marcx:datafield><marcx:datafield tag="534" ind1="0" ind2="0"><marcx:subfield code="&amp;">san</marcx:subfield><marcx:subfield code="i">Af indholdet</marcx:subfield><marcx:subfield code="d">Th. Laub</marcx:subfield><marcx:subfield code="t">Agnete og Havmanden</marcx:subfield><marcx:subfield code="b">(</marcx:subfield><marcx:subfield code="t">Agnete hun stander på højelands bro</marcx:subfield><marcx:subfield code="b">)</marcx:subfield><marcx:subfield code="d">Færøsk folkemelodi</marcx:subfield><marcx:subfield code="t">Der går dans på Riber bro</marcx:subfield><marcx:subfield code="b">(</marcx:subfield><marcx:subfield code="t"/><marcx:subfield code="b">)</marcx:subfield><marcx:subfield code="d">Dansk folkemelodi</marcx:subfield><marcx:subfield code="t">Hr. Oluf han rider så vide om land</marcx:subfield><marcx:subfield code="b">(</marcx:subfield><marcx:subfield code="t"/><marcx:subfield code="b">)</marcx:subfield><marcx:subfield code="d">Arr. Kirsten Fredens</marcx:subfield><marcx:subfield code="t">Hr. Oluf han rider så vide om land</marcx:subfield><marcx:subfield code="d">Kirsten Fredens</marcx:subfield><marcx:subfield code="t">Harpens kraft</marcx:subfield><marcx:subfield code="b">(</marcx:subfield><marcx:subfield code="t">Hr. Villemand og hans væne brud</marcx:subfield><marcx:subfield code="b">)</marcx:subfield><marcx:subfield code="t">Harpens kraft</marcx:subfield><marcx:subfield code="b">(</marcx:subfield><marcx:subfield code="t">Hr. Villemand og hans væne brud</marcx:subfield><marcx:subfield code="b">)</marcx:subfield><marcx:subfield code="t">Torbens datter</marcx:subfield><marcx:subfield code="b">(</marcx:subfield><marcx:subfield code="t">Vi vare så mange søskende små</marcx:subfield><marcx:subfield code="b">)</marcx:subfield><marcx:subfield code="t">Torbens datter</marcx:subfield><marcx:subfield code="b">(</marcx:subfield><marcx:subfield code="t">Vi vare så mange søskende små</marcx:subfield><marcx:subfield code="b">)</marcx:subfield></marcx:datafield><marcx:datafield tag="652" ind1="0" ind2="0"><marcx:subfield code="m">79.296</marcx:subfield></marcx:datafield><marcx:datafield tag="652" ind1="0" ind2="0"><marcx:subfield code="p">78.76</marcx:subfield></marcx:datafield><marcx:datafield tag="666" ind1="0" ind2="0"><marcx:subfield code="0"/><marcx:subfield code="e">Danmark</marcx:subfield></marcx:datafield><marcx:datafield tag="666" ind1="0" ind2="0"><marcx:subfield code="0"/><marcx:subfield code="o">folkeviser</marcx:subfield></marcx:datafield><marcx:datafield tag="666" ind1="0" ind2="0"><marcx:subfield code="0"/><marcx:subfield code="o">viser</marcx:subfield></marcx:datafield><marcx:datafield tag="666" ind1="0" ind2="0"><marcx:subfield code="0"/><marcx:subfield code="o">undervisningsmaterialer</marcx:subfield></marcx:datafield><marcx:datafield tag="666" ind1="0" ind2="0"><marcx:subfield code="0"/><marcx:subfield code="o">dansebeskrivelser</marcx:subfield></marcx:datafield><marcx:datafield tag="700" ind1="0" ind2="0"><marcx:subfield code="0"/><marcx:subfield code="a">Fredens</marcx:subfield><marcx:subfield code="h">Kirsten</marcx:subfield></marcx:datafield><marcx:datafield tag="700" ind1="0" ind2="0"><marcx:subfield code="0"/><marcx:subfield code="a">Flensborg</marcx:subfield><marcx:subfield code="h">Karin</marcx:subfield></marcx:datafield><marcx:datafield tag="745" ind1="0" ind2="0"><marcx:subfield code="a">5 middelalderviser</marcx:subfield></marcx:datafield><marcx:datafield tag="990" ind1="0" ind2="0"><marcx:subfield code="a">SFD</marcx:subfield><marcx:subfield code="b">S</marcx:subfield><marcx:subfield code="c">A</marcx:subfield><marcx:subfield code="o">199922</marcx:subfield></marcx:datafield><marcx:datafield tag="996" ind1="0" ind2="0"><marcx:subfield code="a">DBC</marcx:subfield></marcx:datafield></marcx:record>