
<marcx:record format="danMARC2" type="Bibliographic" xmlns:marcx="info:lc/xmlns/marcxchange-v1"><marcx:leader>00000n    2200000   4500</marcx:leader><marcx:datafield tag="001" ind1="0" ind2="0"><marcx:subfield code="a">22888587</marcx:subfield><marcx:subfield code="b">191919</marcx:subfield><marcx:subfield code="c">20000509230301</marcx:subfield><marcx:subfield code="d">20000417</marcx:subfield><marcx:subfield code="f">a</marcx:subfield></marcx:datafield><marcx:datafield tag="004" ind1="0" ind2="0"><marcx:subfield code="r">n</marcx:subfield><marcx:subfield code="a">e</marcx:subfield></marcx:datafield><marcx:datafield tag="008" ind1="0" ind2="0"><marcx:subfield code="t">s</marcx:subfield><marcx:subfield code="u">f</marcx:subfield><marcx:subfield code="a">2000</marcx:subfield><marcx:subfield code="b">xx</marcx:subfield><marcx:subfield code="l">eng</marcx:subfield><marcx:subfield code="v">0</marcx:subfield></marcx:datafield><marcx:datafield tag="009" ind1="0" ind2="0"><marcx:subfield code="a">s</marcx:subfield><marcx:subfield code="g">xc</marcx:subfield></marcx:datafield><marcx:datafield tag="021" ind1="0" ind2="0"><marcx:subfield code="d">kr. 129,00</marcx:subfield></marcx:datafield><marcx:datafield tag="023" ind1="0" ind2="0"><marcx:subfield code="a">5099749785526</marcx:subfield></marcx:datafield><marcx:datafield tag="032" ind1="0" ind2="0"><marcx:subfield code="x">SFG200019</marcx:subfield></marcx:datafield><marcx:datafield tag="039" ind1="0" ind2="0"><marcx:subfield code="a">bef</marcx:subfield></marcx:datafield><marcx:datafield tag="100" ind1="0" ind2="0"><marcx:subfield code="a">Santessa</marcx:subfield></marcx:datafield><marcx:datafield tag="245" ind1="0" ind2="0"><marcx:subfield code="a">Delirium</marcx:subfield><marcx:subfield code="e">Santessa with Stuart Matthewman</marcx:subfield><marcx:subfield code="e">[orchestra] conducted by Rob Mathes</marcx:subfield></marcx:datafield><marcx:datafield tag="260" ind1="0" ind2="0"><marcx:subfield code="a">[S.l.]</marcx:subfield><marcx:subfield code="b">Disco Volante</marcx:subfield><marcx:subfield code="c">p 2000</marcx:subfield></marcx:datafield><marcx:datafield tag="300" ind1="0" ind2="0"><marcx:subfield code="n">1 cd</marcx:subfield></marcx:datafield><marcx:datafield tag="531" ind1="0" ind2="0"><marcx:subfield code="a">Indhold:</marcx:subfield></marcx:datafield><marcx:datafield tag="538" ind1="0" ind2="0"><marcx:subfield code="f">Disco Volante</marcx:subfield><marcx:subfield code="g">DVO 4978552</marcx:subfield></marcx:datafield><marcx:datafield tag="652" ind1="0" ind2="0"><marcx:subfield code="m">78.794</marcx:subfield><marcx:subfield code="v">5</marcx:subfield></marcx:datafield><marcx:datafield tag="666" ind1="0" ind2="0"><marcx:subfield code="0"/><marcx:subfield code="m">soul</marcx:subfield><marcx:subfield code="m">trip hop</marcx:subfield><marcx:subfield code="n">vokal</marcx:subfield><marcx:subfield code="p">2000-2009</marcx:subfield><marcx:subfield code="l">England</marcx:subfield><marcx:subfield code="l">Man</marcx:subfield></marcx:datafield><marcx:datafield tag="700" ind1="0" ind2="0"><marcx:subfield code="a">Matthewman</marcx:subfield><marcx:subfield code="h">Stuart</marcx:subfield></marcx:datafield><marcx:datafield tag="700" ind1="0" ind2="0"><marcx:subfield code="a">Mathes</marcx:subfield><marcx:subfield code="h">Rob</marcx:subfield></marcx:datafield><marcx:datafield tag="795" ind1="0" ind2="0"><marcx:subfield code="å">11</marcx:subfield><marcx:subfield code="a">Phased</marcx:subfield><marcx:subfield code="a">Sometimes</marcx:subfield><marcx:subfield code="a">Eyes on you</marcx:subfield><marcx:subfield code="a">Best thing</marcx:subfield><marcx:subfield code="a">Nightimes</marcx:subfield><marcx:subfield code="a">Too late</marcx:subfield><marcx:subfield code="a">Irresistible</marcx:subfield><marcx:subfield code="a">Space</marcx:subfield><marcx:subfield code="a">I be me</marcx:subfield><marcx:subfield code="a">Joy</marcx:subfield><marcx:subfield code="a">Nowhere</marcx:subfield></marcx:datafield><marcx:datafield tag="990" ind1="0" ind2="0"><marcx:subfield code="a">SFG</marcx:subfield><marcx:subfield code="c">C</marcx:subfield><marcx:subfield code="o">200019</marcx:subfield><marcx:subfield code="t">26.05.00</marcx:subfield></marcx:datafield><marcx:datafield tag="996" ind1="0" ind2="0"><marcx:subfield code="a">DBC</marcx:subfield></marcx:datafield></marcx:record>