
<marcx:record format="danMARC2" type="Bibliographic" xmlns:marcx="info:lc/xmlns/marcxchange-v1"><marcx:leader>00000n    2200000   4500</marcx:leader><marcx:datafield tag="001" ind1="0" ind2="0"><marcx:subfield code="a">22888692</marcx:subfield><marcx:subfield code="b">191919</marcx:subfield><marcx:subfield code="c">20100319204424</marcx:subfield><marcx:subfield code="d">20000417</marcx:subfield><marcx:subfield code="f">a</marcx:subfield></marcx:datafield><marcx:datafield tag="004" ind1="0" ind2="0"><marcx:subfield code="r">n</marcx:subfield><marcx:subfield code="a">e</marcx:subfield></marcx:datafield><marcx:datafield tag="008" ind1="0" ind2="0"><marcx:subfield code="t">s</marcx:subfield><marcx:subfield code="u">f</marcx:subfield><marcx:subfield code="a">2000</marcx:subfield><marcx:subfield code="v">0</marcx:subfield><marcx:subfield code="b">dk</marcx:subfield><marcx:subfield code="j">j</marcx:subfield><marcx:subfield code="l">dan</marcx:subfield></marcx:datafield><marcx:datafield tag="009" ind1="0" ind2="0"><marcx:subfield code="a">a</marcx:subfield><marcx:subfield code="g">xx</marcx:subfield></marcx:datafield><marcx:datafield tag="021" ind1="0" ind2="0"><marcx:subfield code="a">87-00-46356-6</marcx:subfield><marcx:subfield code="c">hf.</marcx:subfield><marcx:subfield code="d">kr. 275,00</marcx:subfield></marcx:datafield><marcx:datafield tag="032" ind1="0" ind2="0"><marcx:subfield code="a">DBF200020</marcx:subfield><marcx:subfield code="x">SFD200020</marcx:subfield><marcx:subfield code="x">DAT200022</marcx:subfield><marcx:subfield code="x">NOV198507</marcx:subfield></marcx:datafield><marcx:datafield tag="100" ind1="0" ind2="0"><marcx:subfield code="0"/><marcx:subfield code="a">Holm</marcx:subfield><marcx:subfield code="h">Sven</marcx:subfield><marcx:subfield code="c">f. 1940</marcx:subfield></marcx:datafield><marcx:datafield tag="245" ind1="0" ind2="0"><marcx:subfield code="a">Sin egen vogter</marcx:subfield><marcx:subfield code="c">23 udvalgte noveller</marcx:subfield><marcx:subfield code="e">Sven Holm</marcx:subfield><marcx:subfield code="f">udvalg: Johannes Riis</marcx:subfield></marcx:datafield><marcx:datafield tag="260" ind1="0" ind2="0"><marcx:subfield code="&amp;">1</marcx:subfield><marcx:subfield code="a">[Kbh.]</marcx:subfield><marcx:subfield code="b">Gyldendal</marcx:subfield><marcx:subfield code="c">2000</marcx:subfield><marcx:subfield code="k">Nordisk Bog Center, Haslev</marcx:subfield></marcx:datafield><marcx:datafield tag="300" ind1="0" ind2="0"><marcx:subfield code="a">327 sider</marcx:subfield></marcx:datafield><marcx:datafield tag="504" ind1="0" ind2="0"><marcx:subfield code="&amp;">1</marcx:subfield><marcx:subfield code="a">Noveller, udvalgt af Johannes Riis så de dækker perioden mellem 1961 og 1995 og belyser forfatterskabets mange facetter</marcx:subfield></marcx:datafield><marcx:datafield tag="520" ind1="0" ind2="0"><marcx:subfield code="&amp;">1</marcx:subfield><marcx:subfield code="a">Originaludgave: 2000</marcx:subfield></marcx:datafield><marcx:datafield tag="530" ind1="0" ind2="0"><marcx:subfield code="&amp;">1</marcx:subfield><marcx:subfield code="i">Indhold</marcx:subfield><marcx:subfield code="d">Landskabet</marcx:subfield><marcx:subfield code="d">Jeg</marcx:subfield><marcx:subfield code="t">Det vidunderlige instrument</marcx:subfield><marcx:subfield code="t">Den store fjende</marcx:subfield><marcx:subfield code="t">Frk. Urst i Dyrehaven</marcx:subfield><marcx:subfield code="t">Min opera-verden</marcx:subfield><marcx:subfield code="t">Rex tremendus</marcx:subfield><marcx:subfield code="t">Boss</marcx:subfield><marcx:subfield code="t">Bryllupsfesten</marcx:subfield><marcx:subfield code="t">Manden der skulle evigt gå</marcx:subfield><marcx:subfield code="t">Knivfødsel</marcx:subfield><marcx:subfield code="t">Sin egen vogter</marcx:subfield><marcx:subfield code="t">Den flyvende hollænder</marcx:subfield><marcx:subfield code="t">Værdien af et skind</marcx:subfield><marcx:subfield code="t">Rapport fra en familiemorder</marcx:subfield><marcx:subfield code="t">En overvældende vrede</marcx:subfield><marcx:subfield code="t">Hugget sukker</marcx:subfield><marcx:subfield code="t">Utroskab</marcx:subfield><marcx:subfield code="t">Vorherre Cucumber</marcx:subfield><marcx:subfield code="t">Berlin Øst</marcx:subfield><marcx:subfield code="t">Floden Tiberen</marcx:subfield><marcx:subfield code="t">Toccata</marcx:subfield><marcx:subfield code="t">Isolated Dreams</marcx:subfield><marcx:subfield code="t">Osaka. Her</marcx:subfield></marcx:datafield><marcx:datafield tag="652" ind1="0" ind2="0"><marcx:subfield code="n">86</marcx:subfield><marcx:subfield code="z">06</marcx:subfield></marcx:datafield><marcx:datafield tag="652" ind1="0" ind2="0"><marcx:subfield code="o">sk</marcx:subfield></marcx:datafield><marcx:datafield tag="990" ind1="0" ind2="0"><marcx:subfield code="a">SFD</marcx:subfield><marcx:subfield code="b">L</marcx:subfield><marcx:subfield code="c">A</marcx:subfield><marcx:subfield code="m">Indgår i Ibc's KVIK-tilbud 00/18.</marcx:subfield><marcx:subfield code="o">200020</marcx:subfield></marcx:datafield><marcx:datafield tag="996" ind1="0" ind2="0"><marcx:subfield code="a">DBC</marcx:subfield></marcx:datafield></marcx:record>