
<marcx:record format="danMARC2" type="Bibliographic" xmlns:marcx="info:lc/xmlns/marcxchange-v1"><marcx:leader>00000n    2200000   4500</marcx:leader><marcx:datafield tag="001" ind1="0" ind2="0"><marcx:subfield code="a">22888625</marcx:subfield><marcx:subfield code="b">191919</marcx:subfield><marcx:subfield code="c">20130502130518</marcx:subfield><marcx:subfield code="d">20000417</marcx:subfield><marcx:subfield code="f">a</marcx:subfield></marcx:datafield><marcx:datafield tag="004" ind1="0" ind2="0"><marcx:subfield code="r">n</marcx:subfield><marcx:subfield code="a">e</marcx:subfield></marcx:datafield><marcx:datafield tag="008" ind1="0" ind2="0"><marcx:subfield code="t">m</marcx:subfield><marcx:subfield code="u">f</marcx:subfield><marcx:subfield code="a">2000</marcx:subfield><marcx:subfield code="b">dk</marcx:subfield><marcx:subfield code="d">x</marcx:subfield><marcx:subfield code="j">f</marcx:subfield><marcx:subfield code="l">dan</marcx:subfield><marcx:subfield code="v">0</marcx:subfield></marcx:datafield><marcx:datafield tag="009" ind1="0" ind2="0"><marcx:subfield code="a">a</marcx:subfield><marcx:subfield code="g">xx</marcx:subfield></marcx:datafield><marcx:datafield tag="021" ind1="0" ind2="0"><marcx:subfield code="a">87-553-2857-1</marcx:subfield><marcx:subfield code="c">hf.</marcx:subfield><marcx:subfield code="d">kr. 288,00</marcx:subfield></marcx:datafield><marcx:datafield tag="032" ind1="0" ind2="0"><marcx:subfield code="a">DBF200020</marcx:subfield><marcx:subfield code="x">SFD200020</marcx:subfield><marcx:subfield code="x">DAT201319</marcx:subfield></marcx:datafield><marcx:datafield tag="041" ind1="0" ind2="0"><marcx:subfield code="a">dan</marcx:subfield><marcx:subfield code="c">eng</marcx:subfield></marcx:datafield><marcx:datafield tag="100" ind1="0" ind2="0"><marcx:subfield code="0"/><marcx:subfield code="a">Leon</marcx:subfield><marcx:subfield code="h">Donna</marcx:subfield></marcx:datafield><marcx:datafield tag="241" ind1="0" ind2="0"><marcx:subfield code="a">Dressed for death</marcx:subfield></marcx:datafield><marcx:datafield tag="245" ind1="0" ind2="0"><marcx:subfield code="a">Dødens dragt</marcx:subfield><marcx:subfield code="c">spændingsroman</marcx:subfield><marcx:subfield code="e">Donna Leon</marcx:subfield><marcx:subfield code="f">på dansk ved Asta Smith-Hansen</marcx:subfield></marcx:datafield><marcx:datafield tag="260" ind1="0" ind2="0"><marcx:subfield code="&amp;">1</marcx:subfield><marcx:subfield code="a">[Kbh.]</marcx:subfield><marcx:subfield code="b">Forum</marcx:subfield><marcx:subfield code="c">2000</marcx:subfield><marcx:subfield code="k">Jydsk Centraltrykkeri, Viby J.</marcx:subfield></marcx:datafield><marcx:datafield tag="300" ind1="0" ind2="0"><marcx:subfield code="a">261 sider</marcx:subfield></marcx:datafield><marcx:datafield tag="504" ind1="0" ind2="0"><marcx:subfield code="&amp;">1</marcx:subfield><marcx:subfield code="a">Kriminalroman. Kriminalkommissær Brunetti må i sin ferie tage en sag med en myrdet transvestit-luder, der viser sig at være bankdirektør. Det fører videre til en moralsk organisation, der er lidt ulden i økonomien</marcx:subfield></marcx:datafield><marcx:datafield tag="526" ind1="0" ind2="0"><marcx:subfield code="&amp;">1</marcx:subfield><marcx:subfield code="i">Krimiserien med</marcx:subfield><marcx:subfield code="t">Guido Brunetti ; 3</marcx:subfield></marcx:datafield><marcx:datafield tag="652" ind1="0" ind2="0"><marcx:subfield code="n">83.8</marcx:subfield><marcx:subfield code="z">26</marcx:subfield></marcx:datafield><marcx:datafield tag="652" ind1="0" ind2="0"><marcx:subfield code="o">sk</marcx:subfield></marcx:datafield><marcx:datafield tag="666" ind1="0" ind2="0"><marcx:subfield code="s">krimi</marcx:subfield></marcx:datafield><marcx:datafield tag="666" ind1="0" ind2="0"><marcx:subfield code="q">Italien</marcx:subfield></marcx:datafield><marcx:datafield tag="666" ind1="0" ind2="0"><marcx:subfield code="q">Venedig</marcx:subfield></marcx:datafield><marcx:datafield tag="990" ind1="0" ind2="0"><marcx:subfield code="a">SFD</marcx:subfield><marcx:subfield code="b">L</marcx:subfield><marcx:subfield code="c">A</marcx:subfield><marcx:subfield code="o">200020</marcx:subfield></marcx:datafield><marcx:datafield tag="996" ind1="0" ind2="0"><marcx:subfield code="a">DBC</marcx:subfield></marcx:datafield></marcx:record>