
<marcx:record format="danMARC2" type="Bibliographic" xmlns:marcx="info:lc/xmlns/marcxchange-v1"><marcx:leader>00000n    2200000   4500</marcx:leader><marcx:datafield tag="001" ind1="0" ind2="0"><marcx:subfield code="a">22446444</marcx:subfield><marcx:subfield code="b">191919</marcx:subfield><marcx:subfield code="c">20111216115555</marcx:subfield><marcx:subfield code="d">19990512</marcx:subfield><marcx:subfield code="f">a</marcx:subfield></marcx:datafield><marcx:datafield tag="004" ind1="0" ind2="0"><marcx:subfield code="r">n</marcx:subfield><marcx:subfield code="a">e</marcx:subfield></marcx:datafield><marcx:datafield tag="008" ind1="0" ind2="0"><marcx:subfield code="t">m</marcx:subfield><marcx:subfield code="u">f</marcx:subfield><marcx:subfield code="a">1999</marcx:subfield><marcx:subfield code="b">dk</marcx:subfield><marcx:subfield code="d">å</marcx:subfield><marcx:subfield code="l">dan</marcx:subfield><marcx:subfield code="o">s</marcx:subfield><marcx:subfield code="v">0</marcx:subfield></marcx:datafield><marcx:datafield tag="009" ind1="0" ind2="0"><marcx:subfield code="a">a</marcx:subfield><marcx:subfield code="b">c</marcx:subfield><marcx:subfield code="g">xx</marcx:subfield></marcx:datafield><marcx:datafield tag="021" ind1="0" ind2="0"><marcx:subfield code="a">87-7761-258-2</marcx:subfield><marcx:subfield code="c">hf.</marcx:subfield><marcx:subfield code="d">kr. 95,00 net.</marcx:subfield></marcx:datafield><marcx:datafield tag="032" ind1="0" ind2="0"><marcx:subfield code="a">DBF199925</marcx:subfield><marcx:subfield code="x">SKO200001</marcx:subfield><marcx:subfield code="x">SFD199925</marcx:subfield><marcx:subfield code="x">DAT990422</marcx:subfield><marcx:subfield code="x">SAN198507</marcx:subfield></marcx:datafield><marcx:datafield tag="044" ind1="0" ind2="0"><marcx:subfield code="a">F</marcx:subfield><marcx:subfield code="b">58c</marcx:subfield></marcx:datafield><marcx:datafield tag="100" ind1="0" ind2="0"><marcx:subfield code="0"/><marcx:subfield code="a">Ubbesen</marcx:subfield><marcx:subfield code="h">Inger</marcx:subfield></marcx:datafield><marcx:datafield tag="245" ind1="0" ind2="0"><marcx:subfield code="a">Skovturen</marcx:subfield><marcx:subfield code="c">en skovmusical</marcx:subfield><marcx:subfield code="e">Inger Ubbesen</marcx:subfield><marcx:subfield code="f">redaktion: Ib Thorben Jensen og Jørgen Andresen</marcx:subfield><marcx:subfield code="f">illustrationer: Erik Lindebjerg</marcx:subfield></marcx:datafield><marcx:datafield tag="250" ind1="0" ind2="0"><marcx:subfield code="a">1. udgave</marcx:subfield><marcx:subfield code="b">÷</marcx:subfield><marcx:subfield code="x">1. oplag</marcx:subfield></marcx:datafield><marcx:datafield tag="260" ind1="0" ind2="0"><marcx:subfield code="a">Herning</marcx:subfield><marcx:subfield code="b">Folkeskolens Musiklærerforening</marcx:subfield><marcx:subfield code="c">1999</marcx:subfield><marcx:subfield code="k">Jørn Thomsen, Kolding</marcx:subfield></marcx:datafield><marcx:datafield tag="300" ind1="0" ind2="0"><marcx:subfield code="a">18 sider</marcx:subfield><marcx:subfield code="b">ill.</marcx:subfield><marcx:subfield code="c">28 cm</marcx:subfield></marcx:datafield><marcx:datafield tag="440" ind1="0" ind2="0"><marcx:subfield code="0"/><marcx:subfield code="a">Dansk sang B-serien</marcx:subfield><marcx:subfield code="v">B 307</marcx:subfield></marcx:datafield><marcx:datafield tag="509" ind1="0" ind2="0"><marcx:subfield code="a">Sangene for 1 stemme med becifring og spilleanvisning for congas</marcx:subfield></marcx:datafield><marcx:datafield tag="534" ind1="0" ind2="0"><marcx:subfield code="&amp;">san</marcx:subfield><marcx:subfield code="i">Af indholdet</marcx:subfield><marcx:subfield code="d">Inger Ubbesen</marcx:subfield><marcx:subfield code="t">Længe har jeg trådt min vej</marcx:subfield><marcx:subfield code="b">(</marcx:subfield><marcx:subfield code="t"/><marcx:subfield code="b">)</marcx:subfield><marcx:subfield code="t">Træerne</marcx:subfield><marcx:subfield code="b">(</marcx:subfield><marcx:subfield code="t">Der ingen så stærke som os</marcx:subfield><marcx:subfield code="b">)</marcx:subfield><marcx:subfield code="t">Træerne</marcx:subfield><marcx:subfield code="b">(</marcx:subfield><marcx:subfield code="t">Der ingen så stærke som os</marcx:subfield><marcx:subfield code="b">)</marcx:subfield><marcx:subfield code="t">Længe har jeg trådt min vej</marcx:subfield><marcx:subfield code="t">Alferne</marcx:subfield><marcx:subfield code="b">(</marcx:subfield><marcx:subfield code="t">Skoven er så underfuld</marcx:subfield><marcx:subfield code="b">)</marcx:subfield><marcx:subfield code="t">Alferne</marcx:subfield><marcx:subfield code="b">(</marcx:subfield><marcx:subfield code="t">Skoven er så underfuld</marcx:subfield><marcx:subfield code="b">)</marcx:subfield><marcx:subfield code="t">Stentroldene</marcx:subfield><marcx:subfield code="b">(</marcx:subfield><marcx:subfield code="t">Vi er trolde med arme og ben</marcx:subfield><marcx:subfield code="b">)</marcx:subfield><marcx:subfield code="t">Stentroldene</marcx:subfield><marcx:subfield code="b">(</marcx:subfield><marcx:subfield code="t">Vi er trolde med arme og ben</marcx:subfield><marcx:subfield code="b">)</marcx:subfield></marcx:datafield><marcx:datafield tag="652" ind1="0" ind2="0"><marcx:subfield code="m">79.39</marcx:subfield></marcx:datafield><marcx:datafield tag="652" ind1="0" ind2="0"><marcx:subfield code="p">78.69</marcx:subfield></marcx:datafield><marcx:datafield tag="666" ind1="0" ind2="0"><marcx:subfield code="0"/><marcx:subfield code="f">sanglege</marcx:subfield></marcx:datafield><marcx:datafield tag="666" ind1="0" ind2="0"><marcx:subfield code="0"/><marcx:subfield code="o">børnesange</marcx:subfield></marcx:datafield><marcx:datafield tag="666" ind1="0" ind2="0"><marcx:subfield code="0"/><marcx:subfield code="o">sange</marcx:subfield></marcx:datafield><marcx:datafield tag="666" ind1="0" ind2="0"><marcx:subfield code="0"/><marcx:subfield code="m">børnemusik</marcx:subfield><marcx:subfield code="m">børnesange</marcx:subfield><marcx:subfield code="n">vokal</marcx:subfield><marcx:subfield code="p">1990-1999</marcx:subfield><marcx:subfield code="l">Danmark</marcx:subfield></marcx:datafield><marcx:datafield tag="990" ind1="0" ind2="0"><marcx:subfield code="a">SFD</marcx:subfield><marcx:subfield code="b">S</marcx:subfield><marcx:subfield code="b">B</marcx:subfield><marcx:subfield code="c">A</marcx:subfield><marcx:subfield code="o">199925</marcx:subfield></marcx:datafield><marcx:datafield tag="996" ind1="0" ind2="0"><marcx:subfield code="a">DBC</marcx:subfield></marcx:datafield></marcx:record>