
<marcx:record format="danMARC2" type="Bibliographic" xmlns:marcx="info:lc/xmlns/marcxchange-v1"><marcx:leader>00000n    2200000   4500</marcx:leader><marcx:datafield tag="001" ind1="0" ind2="0"><marcx:subfield code="a">22446320</marcx:subfield><marcx:subfield code="b">191919</marcx:subfield><marcx:subfield code="c">20100409192718</marcx:subfield><marcx:subfield code="d">19990511</marcx:subfield><marcx:subfield code="f">a</marcx:subfield></marcx:datafield><marcx:datafield tag="004" ind1="0" ind2="0"><marcx:subfield code="r">n</marcx:subfield><marcx:subfield code="a">e</marcx:subfield></marcx:datafield><marcx:datafield tag="008" ind1="0" ind2="0"><marcx:subfield code="t">m</marcx:subfield><marcx:subfield code="u">f</marcx:subfield><marcx:subfield code="a">1999</marcx:subfield><marcx:subfield code="b">dk</marcx:subfield><marcx:subfield code="l">dan</marcx:subfield><marcx:subfield code="v">0</marcx:subfield></marcx:datafield><marcx:datafield tag="009" ind1="0" ind2="0"><marcx:subfield code="a">a</marcx:subfield><marcx:subfield code="g">xx</marcx:subfield></marcx:datafield><marcx:datafield tag="021" ind1="0" ind2="0"><marcx:subfield code="a">87-997198-2-7</marcx:subfield><marcx:subfield code="c">hf.</marcx:subfield><marcx:subfield code="d">kr. 199,00</marcx:subfield></marcx:datafield><marcx:datafield tag="032" ind1="0" ind2="0"><marcx:subfield code="a">DBF199923</marcx:subfield><marcx:subfield code="x">SFD199923</marcx:subfield><marcx:subfield code="x">DIG198507</marcx:subfield></marcx:datafield><marcx:datafield tag="100" ind1="0" ind2="0"><marcx:subfield code="0"/><marcx:subfield code="a">Ottosen</marcx:subfield><marcx:subfield code="h">Leo</marcx:subfield></marcx:datafield><marcx:datafield tag="245" ind1="0" ind2="0"><marcx:subfield code="a">53 skitser om kønsforholdet</marcx:subfield><marcx:subfield code="e">Leo Ottosen</marcx:subfield></marcx:datafield><marcx:datafield tag="260" ind1="0" ind2="0"><marcx:subfield code="&amp;">1</marcx:subfield><marcx:subfield code="a">[Farsø]</marcx:subfield><marcx:subfield code="b">Risgꜳrde</marcx:subfield><marcx:subfield code="f">[Kbh.]</marcx:subfield><marcx:subfield code="g">[eksp. DBK]</marcx:subfield><marcx:subfield code="c">1999</marcx:subfield><marcx:subfield code="k">Bogtrykkeriet, Skive</marcx:subfield></marcx:datafield><marcx:datafield tag="300" ind1="0" ind2="0"><marcx:subfield code="a">216 sider</marcx:subfield></marcx:datafield><marcx:datafield tag="504" ind1="0" ind2="0"><marcx:subfield code="&amp;">1</marcx:subfield><marcx:subfield code="a">Med essays, betragtninger, foredrag og historier m.m. samt med gennemgang af litterære værker og personligheder søger forfatteren at indkredse forholdet og forskellen mellem de to køn</marcx:subfield></marcx:datafield><marcx:datafield tag="534" ind1="0" ind2="0"><marcx:subfield code="&amp;">dig</marcx:subfield><marcx:subfield code="i">Af indholdet</marcx:subfield><marcx:subfield code="t">Alle sad de stolte Jomfruer</marcx:subfield><marcx:subfield code="t">Bag Vestens Bøgeskove</marcx:subfield><marcx:subfield code="t">Blaaregnen stille visned -</marcx:subfield><marcx:subfield code="t">Der er Trolddom paa din Læbe</marcx:subfield><marcx:subfield code="t">Du slidse i det hvide kød</marcx:subfield><marcx:subfield code="t">Han tog ud en liden Kniv</marcx:subfield><marcx:subfield code="t">Her seer Du nogle Digte</marcx:subfield><marcx:subfield code="t">Hun kunde ikke tale</marcx:subfield><marcx:subfield code="t">Jeg elsker den hvide</marcx:subfield><marcx:subfield code="t">Kom, Gudsengel, stille Død</marcx:subfield><marcx:subfield code="t">O, Herre Gud, hav tak for livet</marcx:subfield><marcx:subfield code="t">Paa Bordet hun sætter</marcx:subfield><marcx:subfield code="t">See, hun har de trinde Arme</marcx:subfield><marcx:subfield code="t">Shinju, min Fugle-Veninde</marcx:subfield><marcx:subfield code="t">Så lod Gud Herren dvale falde</marcx:subfield></marcx:datafield><marcx:datafield tag="631" ind1="0" ind2="0"><marcx:subfield code="f">litteratur</marcx:subfield></marcx:datafield><marcx:datafield tag="631" ind1="0" ind2="0"><marcx:subfield code="f">dansk litteratur</marcx:subfield></marcx:datafield><marcx:datafield tag="652" ind1="0" ind2="0"><marcx:subfield code="m">30.171</marcx:subfield></marcx:datafield><marcx:datafield tag="666" ind1="0" ind2="0"><marcx:subfield code="0"/><marcx:subfield code="f">kønsforskelle</marcx:subfield></marcx:datafield><marcx:datafield tag="666" ind1="0" ind2="0"><marcx:subfield code="0"/><marcx:subfield code="f">kønsroller</marcx:subfield></marcx:datafield><marcx:datafield tag="666" ind1="0" ind2="0"><marcx:subfield code="0"/><marcx:subfield code="f">mænd</marcx:subfield></marcx:datafield><marcx:datafield tag="666" ind1="0" ind2="0"><marcx:subfield code="0"/><marcx:subfield code="f">kvinder</marcx:subfield></marcx:datafield><marcx:datafield tag="990" ind1="0" ind2="0"><marcx:subfield code="a">SFD</marcx:subfield><marcx:subfield code="b">L</marcx:subfield><marcx:subfield code="c">A</marcx:subfield><marcx:subfield code="o">199923</marcx:subfield></marcx:datafield><marcx:datafield tag="996" ind1="0" ind2="0"><marcx:subfield code="a">DBC</marcx:subfield></marcx:datafield></marcx:record>