
<marcx:record format="danMARC2" type="Bibliographic" xmlns:marcx="info:lc/xmlns/marcxchange-v1"><marcx:leader>00000n    2200000   4500</marcx:leader><marcx:datafield tag="001" ind1="0" ind2="0"><marcx:subfield code="a">22888382</marcx:subfield><marcx:subfield code="b">191919</marcx:subfield><marcx:subfield code="c">20000518125209</marcx:subfield><marcx:subfield code="d">20000417</marcx:subfield><marcx:subfield code="f">a</marcx:subfield></marcx:datafield><marcx:datafield tag="004" ind1="0" ind2="0"><marcx:subfield code="r">n</marcx:subfield><marcx:subfield code="a">e</marcx:subfield></marcx:datafield><marcx:datafield tag="008" ind1="0" ind2="0"><marcx:subfield code="t">m</marcx:subfield><marcx:subfield code="u">f</marcx:subfield><marcx:subfield code="a">2000</marcx:subfield><marcx:subfield code="b">nl</marcx:subfield><marcx:subfield code="v">0</marcx:subfield></marcx:datafield><marcx:datafield tag="009" ind1="0" ind2="0"><marcx:subfield code="a">u</marcx:subfield><marcx:subfield code="g">ul</marcx:subfield><marcx:subfield code="b">a</marcx:subfield><marcx:subfield code="h">xx</marcx:subfield></marcx:datafield><marcx:datafield tag="021" ind1="0" ind2="0"><marcx:subfield code="n">97200466</marcx:subfield><marcx:subfield code="d">kr. 756,25</marcx:subfield></marcx:datafield><marcx:datafield tag="032" ind1="0" ind2="0"><marcx:subfield code="x">DAT200019</marcx:subfield></marcx:datafield><marcx:datafield tag="041" ind1="0" ind2="0"><marcx:subfield code="e">dan</marcx:subfield><marcx:subfield code="e">dut</marcx:subfield><marcx:subfield code="e">eng</marcx:subfield><marcx:subfield code="e">ger</marcx:subfield><marcx:subfield code="e">fre</marcx:subfield></marcx:datafield><marcx:datafield tag="245" ind1="0" ind2="0"><marcx:subfield code="a">Tællespil</marcx:subfield></marcx:datafield><marcx:datafield tag="260" ind1="0" ind2="0"><marcx:subfield code="a">[Veldhoven]</marcx:subfield><marcx:subfield code="b">Educo</marcx:subfield><marcx:subfield code="f">[Skanderborg]</marcx:subfield><marcx:subfield code="g">[Tress]</marcx:subfield><marcx:subfield code="e">distributør</marcx:subfield><marcx:subfield code="f">[Ballerup]</marcx:subfield><marcx:subfield code="g">DBC medier</marcx:subfield><marcx:subfield code="e">distributør</marcx:subfield><marcx:subfield code="c">[2000]</marcx:subfield></marcx:datafield><marcx:datafield tag="300" ind1="0" ind2="0"><marcx:subfield code="n">271 brikker</marcx:subfield><marcx:subfield code="b">træ, plastic, farve</marcx:subfield><marcx:subfield code="d">1 dansk vejledning</marcx:subfield><marcx:subfield code="d">1 vejledning</marcx:subfield><marcx:subfield code="c">i kasse</marcx:subfield><marcx:subfield code="c">i DBC opbevaringsudstyr 19,7×33,7×5,5 cm</marcx:subfield></marcx:datafield><marcx:datafield tag="504" ind1="0" ind2="0"><marcx:subfield code="a">Materiale til indøvelse af den første antals- og talforståelse med mulighed for at opstille lette regnestykker. Kan desuden anvendes til sorteringsøvelser, f.eks. efter farve, størrelse eller en kombination af disse. Øver evnen at kombinere samt overskue mængder</marcx:subfield></marcx:datafield><marcx:datafield tag="512" ind1="0" ind2="0"><marcx:subfield code="a">Brikker: 225 farvede brikker i forskellige størrelser, 20 brikker med antallene 1-10 illustreret med prikker, 20 brikker med tallene 1-10, 6 brikker med plus-, minus- og lighedstegn</marcx:subfield></marcx:datafield><marcx:datafield tag="512" ind1="0" ind2="0"><marcx:subfield code="i">Titler på kasse</marcx:subfield><marcx:subfield code="t">Getalspel</marcx:subfield><marcx:subfield code="t">Number game</marcx:subfield><marcx:subfield code="t">Zahl Spiel</marcx:subfield><marcx:subfield code="t">Jeu des chiffres</marcx:subfield></marcx:datafield><marcx:datafield tag="512" ind1="0" ind2="0"><marcx:subfield code="a">Vejledning: Hollandsk, engelsk, tysk og fransk tekst</marcx:subfield></marcx:datafield><marcx:datafield tag="517" ind1="0" ind2="0"><marcx:subfield code="a">Fra 6 år</marcx:subfield></marcx:datafield><marcx:datafield tag="631" ind1="0" ind2="0"><marcx:subfield code="a">tal</marcx:subfield></marcx:datafield><marcx:datafield tag="631" ind1="0" ind2="0"><marcx:subfield code="a">antal</marcx:subfield></marcx:datafield><marcx:datafield tag="631" ind1="0" ind2="0"><marcx:subfield code="a">mængder</marcx:subfield></marcx:datafield><marcx:datafield tag="631" ind1="0" ind2="0"><marcx:subfield code="a">matematik</marcx:subfield></marcx:datafield><marcx:datafield tag="631" ind1="0" ind2="0"><marcx:subfield code="a">addition</marcx:subfield></marcx:datafield><marcx:datafield tag="631" ind1="0" ind2="0"><marcx:subfield code="a">subtraktion</marcx:subfield></marcx:datafield><marcx:datafield tag="631" ind1="0" ind2="0"><marcx:subfield code="a">farver</marcx:subfield></marcx:datafield><marcx:datafield tag="631" ind1="0" ind2="0"><marcx:subfield code="a">størrelser</marcx:subfield></marcx:datafield><marcx:datafield tag="631" ind1="0" ind2="0"><marcx:subfield code="a">kombination</marcx:subfield></marcx:datafield><marcx:datafield tag="631" ind1="0" ind2="0"><marcx:subfield code="a">sortering</marcx:subfield></marcx:datafield><marcx:datafield tag="631" ind1="0" ind2="0"><marcx:subfield code="a">spil</marcx:subfield></marcx:datafield><marcx:datafield tag="631" ind1="0" ind2="0"><marcx:subfield code="a">for indskoling</marcx:subfield></marcx:datafield><marcx:datafield tag="652" ind1="0" ind2="0"><marcx:subfield code="m">51.1</marcx:subfield></marcx:datafield><marcx:datafield tag="996" ind1="0" ind2="0"><marcx:subfield code="a">DBC</marcx:subfield></marcx:datafield></marcx:record>