
<record xsi:schemaLocation="http://www.loc.gov/standards/iso25577/marcxchange-1-1.xsd" xmlns="info:lc/xmlns/marcxchange-v1" xmlns:xsi="http://www.w3.org/2001/XMLSchema-instance"><leader>00000n    2200000   4500</leader><datafield tag="001" ind1="0" ind2="0"><subfield code="a">51775600</subfield><subfield code="b">191919</subfield><subfield code="c">20150827144523</subfield><subfield code="d">20150608</subfield><subfield code="f">a</subfield></datafield><datafield tag="004" ind1="0" ind2="0"><subfield code="r">n</subfield><subfield code="a">b</subfield></datafield><datafield tag="008" ind1="0" ind2="0"><subfield code="t">s</subfield><subfield code="v">0</subfield></datafield><datafield tag="014" ind1="0" ind2="0"><subfield code="a">51831381</subfield></datafield><datafield tag="032" ind1="0" ind2="0"><subfield code="x">ACC201524</subfield><subfield code="a">DBF201530</subfield><subfield code="x">BKM201530</subfield></datafield><datafield tag="245" ind1="0" ind2="0"><subfield code="g">Bind 1</subfield></datafield><datafield tag="300" ind1="0" ind2="0"><subfield code="a">292 sider</subfield></datafield><datafield tag="521" ind1="0" ind2="0"><subfield code="&amp;">REX</subfield><subfield code="b">1. oplag</subfield><subfield code="c">2015</subfield><subfield code="k">Specialtrykkeriet</subfield></datafield><datafield tag="990" ind1="0" ind2="0"><subfield code="o">201530</subfield><subfield code="b">v</subfield><subfield code="u">nu</subfield></datafield><datafield tag="996" ind1="0" ind2="0"><subfield code="a">DBC</subfield></datafield></record>