
<marcx:record format="danMARC2" type="Bibliographic" xmlns:marcx="info:lc/xmlns/marcxchange-v1"><marcx:leader>00000n    2200000   4500</marcx:leader><marcx:datafield tag="001" ind1="0" ind2="0"><marcx:subfield code="a">22445111</marcx:subfield><marcx:subfield code="b">191919</marcx:subfield><marcx:subfield code="c">20040817121718</marcx:subfield><marcx:subfield code="d">19990511</marcx:subfield><marcx:subfield code="f">a</marcx:subfield></marcx:datafield><marcx:datafield tag="004" ind1="0" ind2="0"><marcx:subfield code="r">n</marcx:subfield><marcx:subfield code="a">e</marcx:subfield></marcx:datafield><marcx:datafield tag="008" ind1="0" ind2="0"><marcx:subfield code="t">s</marcx:subfield><marcx:subfield code="u">f</marcx:subfield><marcx:subfield code="a">1999</marcx:subfield><marcx:subfield code="b">dk</marcx:subfield><marcx:subfield code="l">dan</marcx:subfield><marcx:subfield code="v">0</marcx:subfield></marcx:datafield><marcx:datafield tag="009" ind1="0" ind2="0"><marcx:subfield code="a">s</marcx:subfield><marcx:subfield code="g">xc</marcx:subfield></marcx:datafield><marcx:datafield tag="020" ind1="0" ind2="0"><marcx:subfield code="a">dk</marcx:subfield></marcx:datafield><marcx:datafield tag="021" ind1="0" ind2="0"><marcx:subfield code="d">kr. 99,00</marcx:subfield></marcx:datafield><marcx:datafield tag="032" ind1="0" ind2="0"><marcx:subfield code="a">DMO199921</marcx:subfield><marcx:subfield code="x">SFG199921</marcx:subfield><marcx:subfield code="x">DAT200021</marcx:subfield><marcx:subfield code="x">DAT990436</marcx:subfield></marcx:datafield><marcx:datafield tag="039" ind1="0" ind2="0"><marcx:subfield code="a">dau</marcx:subfield></marcx:datafield><marcx:datafield tag="110" ind1="0" ind2="0"><marcx:subfield code="a">Dræsinebanden</marcx:subfield></marcx:datafield><marcx:datafield tag="245" ind1="0" ind2="0"><marcx:subfield code="a">Søren og Maries kærlighedssange</marcx:subfield><marcx:subfield code="i">idé og tekster: Andreas P. Nielsen</marcx:subfield><marcx:subfield code="j">Dræsinebanden (Inge-Marie Nielsen, Andreas P. Nielsen, Allan Frederiksen) med Hans Dal, Bodil Heister, Harry Christensen, Jens Søgꜳrd, Richard Jensen</marcx:subfield><marcx:subfield code="i">Dræsinebanden (vokal: Inge-Marie Nielsen og Andreas P. Nielsen ; harmonika: Allan Frederiksen)</marcx:subfield><marcx:subfield code="i">guitar: Hans Dal</marcx:subfield><marcx:subfield code="i">harmonika/piano: Bodil Heister</marcx:subfield><marcx:subfield code="i">bas/kor: Harry Christensen</marcx:subfield><marcx:subfield code="i">violin/mandolin: Jens Søgꜳrd</marcx:subfield><marcx:subfield code="i">div: Richard Jensen</marcx:subfield><marcx:subfield code="i">kor: Inge-Marie Nielsen</marcx:subfield><marcx:subfield code="i">12-strenget guitar/kor: Andreas P. Nielsen</marcx:subfield><marcx:subfield code="i">produceret af Inge-Marie Nielsen, Andreas P. Nielsen og Tobby</marcx:subfield><marcx:subfield code="i">mix: Jan Eliasson, Inge-Marie Nielsen og Andreas P. Nielsen</marcx:subfield></marcx:datafield><marcx:datafield tag="260" ind1="0" ind2="0"><marcx:subfield code="a">[S.l.]</marcx:subfield><marcx:subfield code="b">Sand</marcx:subfield><marcx:subfield code="c">p 1999</marcx:subfield></marcx:datafield><marcx:datafield tag="300" ind1="0" ind2="0"><marcx:subfield code="n">1 cd</marcx:subfield></marcx:datafield><marcx:datafield tag="512" ind1="0" ind2="0"><marcx:subfield code="a">Indspillet i Ferritslev, Fyn marts 1999</marcx:subfield></marcx:datafield><marcx:datafield tag="531" ind1="0" ind2="0"><marcx:subfield code="a">Indhold:</marcx:subfield></marcx:datafield><marcx:datafield tag="538" ind1="0" ind2="0"><marcx:subfield code="f">Sand</marcx:subfield><marcx:subfield code="g">SM 19804</marcx:subfield></marcx:datafield><marcx:datafield tag="652" ind1="0" ind2="0"><marcx:subfield code="m">78.797</marcx:subfield><marcx:subfield code="v">6</marcx:subfield></marcx:datafield><marcx:datafield tag="666" ind1="0" ind2="0"><marcx:subfield code="0"/><marcx:subfield code="m">vise</marcx:subfield><marcx:subfield code="n">vokal</marcx:subfield><marcx:subfield code="p">1990-1999</marcx:subfield><marcx:subfield code="l">Danmark</marcx:subfield></marcx:datafield><marcx:datafield tag="700" ind1="0" ind2="0"><marcx:subfield code="a">Nielsen</marcx:subfield><marcx:subfield code="h">Inge-Marie</marcx:subfield></marcx:datafield><marcx:datafield tag="700" ind1="0" ind2="0"><marcx:subfield code="a">Jensen</marcx:subfield><marcx:subfield code="h">Richard</marcx:subfield></marcx:datafield><marcx:datafield tag="700" ind1="0" ind2="0"><marcx:subfield code="a">Nielsen</marcx:subfield><marcx:subfield code="h">Andreas P.</marcx:subfield><marcx:subfield code="c">f. 1953</marcx:subfield></marcx:datafield><marcx:datafield tag="700" ind1="0" ind2="0"><marcx:subfield code="a">Frederiksen</marcx:subfield><marcx:subfield code="h">Allan</marcx:subfield></marcx:datafield><marcx:datafield tag="700" ind1="0" ind2="0"><marcx:subfield code="a">Tobby</marcx:subfield></marcx:datafield><marcx:datafield tag="700" ind1="0" ind2="0"><marcx:subfield code="a">Dal</marcx:subfield><marcx:subfield code="h">Hans</marcx:subfield></marcx:datafield><marcx:datafield tag="700" ind1="0" ind2="0"><marcx:subfield code="a">Christensen</marcx:subfield><marcx:subfield code="h">Harry</marcx:subfield></marcx:datafield><marcx:datafield tag="700" ind1="0" ind2="0"><marcx:subfield code="a">Søgꜳrd</marcx:subfield><marcx:subfield code="h">Jens</marcx:subfield></marcx:datafield><marcx:datafield tag="700" ind1="0" ind2="0"><marcx:subfield code="a">Heister</marcx:subfield><marcx:subfield code="h">Bodil</marcx:subfield></marcx:datafield><marcx:datafield tag="795" ind1="0" ind2="0"><marcx:subfield code="å">11</marcx:subfield><marcx:subfield code="a">Brevet til mor og far</marcx:subfield><marcx:subfield code="i">musik: Hans Dal</marcx:subfield><marcx:subfield code="a">Søren Sømand går i land</marcx:subfield><marcx:subfield code="i">musik: Hans Dal</marcx:subfield><marcx:subfield code="a">Røgtervisen</marcx:subfield><marcx:subfield code="i">musik: Hans Dal</marcx:subfield><marcx:subfield code="a">Den ¤erotiske frier</marcx:subfield><marcx:subfield code="i">musik: Hans Dal</marcx:subfield><marcx:subfield code="a">Søren og Maries første nattemøde</marcx:subfield><marcx:subfield code="i">musik: Bodil Heister</marcx:subfield><marcx:subfield code="a">Søren i døren</marcx:subfield><marcx:subfield code="i">musik: Andreas P. Nielsen</marcx:subfield><marcx:subfield code="a">Flaskedjævelens sang</marcx:subfield><marcx:subfield code="i">musik: Bodil Heister</marcx:subfield><marcx:subfield code="a">Maries hus</marcx:subfield><marcx:subfield code="i">musik: Bodil Heister</marcx:subfield><marcx:subfield code="a">Kammersjukkernes sang</marcx:subfield><marcx:subfield code="i">musik: Inge-Marie Nielsen</marcx:subfield><marcx:subfield code="a">Du lille røde hybenfrugt</marcx:subfield><marcx:subfield code="i">musik: Bodil Heister</marcx:subfield><marcx:subfield code="a">Marie, vil du danse en solskinsvals?</marcx:subfield><marcx:subfield code="i">musik: Andreas P. Nielsen</marcx:subfield><marcx:subfield code="a">Søren og Maries duet</marcx:subfield><marcx:subfield code="i">musik: Hans Dal</marcx:subfield><marcx:subfield code="a">Marie gi'r op</marcx:subfield><marcx:subfield code="i">musik: Inge-Marie Nielsen</marcx:subfield><marcx:subfield code="a">Nu sidder vi og mindes</marcx:subfield><marcx:subfield code="i">musik: Bodil Heister</marcx:subfield></marcx:datafield><marcx:datafield tag="990" ind1="0" ind2="0"><marcx:subfield code="a">SFG</marcx:subfield><marcx:subfield code="c">C</marcx:subfield><marcx:subfield code="o">199921</marcx:subfield><marcx:subfield code="t">11.06.99</marcx:subfield></marcx:datafield><marcx:datafield tag="996" ind1="0" ind2="0"><marcx:subfield code="a">DBC</marcx:subfield></marcx:datafield></marcx:record>