
<marcx:record format="danMARC2" type="Bibliographic" xmlns:marcx="info:lc/xmlns/marcxchange-v1"><marcx:leader>00000n    2200000   4500</marcx:leader><marcx:datafield tag="001" ind1="0" ind2="0"><marcx:subfield code="a">41979127</marcx:subfield><marcx:subfield code="b">191919</marcx:subfield><marcx:subfield code="c">19990510211841</marcx:subfield><marcx:subfield code="d">19990510</marcx:subfield><marcx:subfield code="f">a</marcx:subfield></marcx:datafield><marcx:datafield tag="002" ind1="0" ind2="0"><marcx:subfield code="b">746100</marcx:subfield><marcx:subfield code="c">90341677</marcx:subfield><marcx:subfield code="x">74610090341677</marcx:subfield></marcx:datafield><marcx:datafield tag="004" ind1="0" ind2="0"><marcx:subfield code="r">n</marcx:subfield><marcx:subfield code="a">e</marcx:subfield></marcx:datafield><marcx:datafield tag="008" ind1="0" ind2="0"><marcx:subfield code="t">m</marcx:subfield><marcx:subfield code="u">f</marcx:subfield><marcx:subfield code="a">1992</marcx:subfield><marcx:subfield code="b">de</marcx:subfield><marcx:subfield code="l">ger</marcx:subfield><marcx:subfield code="o">b</marcx:subfield><marcx:subfield code="v">0</marcx:subfield></marcx:datafield><marcx:datafield tag="009" ind1="0" ind2="0"><marcx:subfield code="a">r</marcx:subfield><marcx:subfield code="g">xc</marcx:subfield></marcx:datafield><marcx:datafield tag="021" ind1="0" ind2="0"><marcx:subfield code="a">3-7655-8453-3</marcx:subfield><marcx:subfield code="d">kr. 80.00</marcx:subfield></marcx:datafield><marcx:datafield tag="021" ind1="0" ind2="0"><marcx:subfield code="n">CD 91-103</marcx:subfield></marcx:datafield><marcx:datafield tag="100" ind1="0" ind2="0"><marcx:subfield code="a">Krenzer</marcx:subfield><marcx:subfield code="h">Rolf</marcx:subfield></marcx:datafield><marcx:datafield tag="245" ind1="0" ind2="0"><marcx:subfield code="a">Sara und der goldene Weizen</marcx:subfield><marcx:subfield code="e">Texte: Rolf Krenzer</marcx:subfield><marcx:subfield code="e">Musik: Siegfried Fietz</marcx:subfield></marcx:datafield><marcx:datafield tag="260" ind1="0" ind2="0"><marcx:subfield code="a">Greifenstein</marcx:subfield><marcx:subfield code="b">Abakus</marcx:subfield><marcx:subfield code="c">1992</marcx:subfield></marcx:datafield><marcx:datafield tag="300" ind1="0" ind2="0"><marcx:subfield code="n">1 cd</marcx:subfield></marcx:datafield><marcx:datafield tag="440" ind1="0" ind2="0"><marcx:subfield code="0"/><marcx:subfield code="a">Liederhörspiel</marcx:subfield></marcx:datafield><marcx:datafield tag="526" ind1="0" ind2="0"><marcx:subfield code="a">Børnemusical efter bogen af samme navn af Meryl Doney</marcx:subfield></marcx:datafield><marcx:datafield tag="531" ind1="0" ind2="0"><marcx:subfield code="a">Indhold:</marcx:subfield></marcx:datafield><marcx:datafield tag="652" ind1="0" ind2="0"><marcx:subfield code="m">84</marcx:subfield></marcx:datafield><marcx:datafield tag="700" ind1="0" ind2="0"><marcx:subfield code="a">Fietz</marcx:subfield><marcx:subfield code="h">Siegfried</marcx:subfield></marcx:datafield><marcx:datafield tag="795" ind1="0" ind2="0"><marcx:subfield code="å">11</marcx:subfield><marcx:subfield code="a">Wo wohnt die kleine Maus</marcx:subfield><marcx:subfield code="a">Im Frühling wird's draussen wieder schön</marcx:subfield><marcx:subfield code="a">Im Frühling ... (Fortsetzung)</marcx:subfield><marcx:subfield code="a">Spielen wir heut Blindekuh</marcx:subfield><marcx:subfield code="a">Ein ¤kleines Mäuschen</marcx:subfield><marcx:subfield code="a">Ich schlafe in der Erde I</marcx:subfield><marcx:subfield code="a">Ich schlafe in der Erde II</marcx:subfield><marcx:subfield code="a">Der ¤Tisch ist reich gedeckt</marcx:subfield><marcx:subfield code="a">Kleine Maus, kleine Maus (1.-3. Strophe)</marcx:subfield><marcx:subfield code="a">Ich schlafe in der Erde III</marcx:subfield><marcx:subfield code="a">Kleine Maus, kleine Maus</marcx:subfield><marcx:subfield code="a">Im Frühling wird's draussen wieder schön (Fortsetzung)</marcx:subfield><marcx:subfield code="a">Ich schlafe in der Erde IV</marcx:subfield><marcx:subfield code="a">Vier kleine Mäuschen (Kanon)</marcx:subfield><marcx:subfield code="a">Ich schlafe in der Erde V</marcx:subfield></marcx:datafield><marcx:datafield tag="996" ind1="0" ind2="0"><marcx:subfield code="a">746100</marcx:subfield></marcx:datafield></marcx:record>