
<marcx:record format="danMARC2" type="Bibliographic" xmlns:marcx="info:lc/xmlns/marcxchange-v1"><marcx:leader>00000c    2200000   4500</marcx:leader><marcx:datafield tag="001" ind1="0" ind2="0"><marcx:subfield code="a">41980338</marcx:subfield><marcx:subfield code="b">191919</marcx:subfield><marcx:subfield code="c">20010820150846</marcx:subfield><marcx:subfield code="d">19990510</marcx:subfield><marcx:subfield code="f">a</marcx:subfield></marcx:datafield><marcx:datafield tag="002" ind1="0" ind2="0"><marcx:subfield code="b">746100</marcx:subfield><marcx:subfield code="c">90369822</marcx:subfield><marcx:subfield code="x">74610090369822</marcx:subfield></marcx:datafield><marcx:datafield tag="004" ind1="0" ind2="0"><marcx:subfield code="r">c</marcx:subfield><marcx:subfield code="a">e</marcx:subfield></marcx:datafield><marcx:datafield tag="008" ind1="0" ind2="0"><marcx:subfield code="t">p</marcx:subfield><marcx:subfield code="u">d</marcx:subfield><marcx:subfield code="a">1998</marcx:subfield><marcx:subfield code="z">1999</marcx:subfield><marcx:subfield code="b">dk</marcx:subfield><marcx:subfield code="c">a</marcx:subfield><marcx:subfield code="h">z</marcx:subfield><marcx:subfield code="i">b</marcx:subfield><marcx:subfield code="l">dan</marcx:subfield><marcx:subfield code="v">0</marcx:subfield></marcx:datafield><marcx:datafield tag="009" ind1="0" ind2="0"><marcx:subfield code="a">a</marcx:subfield><marcx:subfield code="g">xx</marcx:subfield></marcx:datafield><marcx:datafield tag="022" ind1="0" ind2="0"><marcx:subfield code="a">1399-2759</marcx:subfield></marcx:datafield><marcx:datafield tag="032" ind1="0" ind2="0"><marcx:subfield code="a">DPF199942</marcx:subfield><marcx:subfield code="a">DPF200113</marcx:subfield></marcx:datafield><marcx:datafield tag="082" ind1="0" ind2="0"><marcx:subfield code="a">378.489 5</marcx:subfield></marcx:datafield><marcx:datafield tag="210" ind1="0" ind2="0"><marcx:subfield code="a">Stud. Syddan. Univ.</marcx:subfield></marcx:datafield><marcx:datafield tag="245" ind1="0" ind2="0"><marcx:subfield code="a">Studier ved Syddansk Universitet</marcx:subfield></marcx:datafield><marcx:datafield tag="255" ind1="0" ind2="0"><marcx:subfield code="a">1999-2000</marcx:subfield></marcx:datafield><marcx:datafield tag="260" ind1="0" ind2="0"><marcx:subfield code="a">Odense</marcx:subfield><marcx:subfield code="b">Syddansk Universitet, Odense Universitet</marcx:subfield><marcx:subfield code="c">1998-1999</marcx:subfield></marcx:datafield><marcx:datafield tag="500" ind1="0" ind2="0"><marcx:subfield code="a">Årlig</marcx:subfield></marcx:datafield><marcx:datafield tag="505" ind1="0" ind2="0"><marcx:subfield code="&amp;">1</marcx:subfield><marcx:subfield code="a">Årspublikation</marcx:subfield></marcx:datafield><marcx:datafield tag="526" ind1="0" ind2="0"><marcx:subfield code="i">Fortsættelse af</marcx:subfield><marcx:subfield code="t">Studiehåndbog (Odense Universitet)</marcx:subfield></marcx:datafield><marcx:datafield tag="526" ind1="0" ind2="0"><marcx:subfield code="i">Fortsættes som</marcx:subfield><marcx:subfield code="t">Studieguide (Syddansk Universitet)</marcx:subfield></marcx:datafield><marcx:datafield tag="539" ind1="0" ind2="0"><marcx:subfield code="a">2000, udgivet 1999</marcx:subfield></marcx:datafield><marcx:datafield tag="652" ind1="0" ind2="0"><marcx:subfield code="m">37.64</marcx:subfield><marcx:subfield code="b">Syddansk Universitet</marcx:subfield></marcx:datafield><marcx:datafield tag="710" ind1="0" ind2="0"><marcx:subfield code="a">Syddansk Universitet</marcx:subfield></marcx:datafield><marcx:datafield tag="996" ind1="0" ind2="0"><marcx:subfield code="a">810010</marcx:subfield></marcx:datafield></marcx:record>