
<marcx:record format="danMARC2" type="Bibliographic" xmlns:marcx="info:lc/xmlns/marcxchange-v1"><marcx:leader>00000c    2200000   4500</marcx:leader><marcx:datafield tag="001" ind1="0" ind2="0"><marcx:subfield code="a">41980419</marcx:subfield><marcx:subfield code="b">191919</marcx:subfield><marcx:subfield code="c">20110414111052</marcx:subfield><marcx:subfield code="d">19990510</marcx:subfield><marcx:subfield code="f">a</marcx:subfield></marcx:datafield><marcx:datafield tag="002" ind1="0" ind2="0"><marcx:subfield code="b">746100</marcx:subfield><marcx:subfield code="c">90370499</marcx:subfield><marcx:subfield code="x">74610090370499</marcx:subfield></marcx:datafield><marcx:datafield tag="004" ind1="0" ind2="0"><marcx:subfield code="r">c</marcx:subfield><marcx:subfield code="a">e</marcx:subfield></marcx:datafield><marcx:datafield tag="008" ind1="0" ind2="0"><marcx:subfield code="t">p</marcx:subfield><marcx:subfield code="u">c</marcx:subfield><marcx:subfield code="a">1999</marcx:subfield><marcx:subfield code="b">dk</marcx:subfield><marcx:subfield code="c">z</marcx:subfield><marcx:subfield code="d">y</marcx:subfield><marcx:subfield code="h">p</marcx:subfield><marcx:subfield code="i">b</marcx:subfield><marcx:subfield code="l">dan</marcx:subfield><marcx:subfield code="v">0</marcx:subfield></marcx:datafield><marcx:datafield tag="009" ind1="0" ind2="0"><marcx:subfield code="a">a</marcx:subfield><marcx:subfield code="g">xx</marcx:subfield></marcx:datafield><marcx:datafield tag="022" ind1="0" ind2="0"><marcx:subfield code="a">1399-0772</marcx:subfield><marcx:subfield code="d">enkelteksemplarer gratis</marcx:subfield></marcx:datafield><marcx:datafield tag="032" ind1="0" ind2="0"><marcx:subfield code="a">DPF199942</marcx:subfield><marcx:subfield code="x">DAT201117</marcx:subfield></marcx:datafield><marcx:datafield tag="082" ind1="0" ind2="0"><marcx:subfield code="a">378.489</marcx:subfield><marcx:subfield code="c">21</marcx:subfield></marcx:datafield><marcx:datafield tag="222" ind1="0" ind2="0"><marcx:subfield code="a">Ny viden</marcx:subfield><marcx:subfield code="b">Papirform</marcx:subfield></marcx:datafield><marcx:datafield tag="245" ind1="0" ind2="0"><marcx:subfield code="a">Ny viden</marcx:subfield></marcx:datafield><marcx:datafield tag="255" ind1="0" ind2="0"><marcx:subfield code="a">Nr. 1, 1. årgang (22. januar 1999)-</marcx:subfield></marcx:datafield><marcx:datafield tag="260" ind1="0" ind2="0"><marcx:subfield code="a">Odense</marcx:subfield><marcx:subfield code="d">Campusvej 55, 5230</marcx:subfield><marcx:subfield code="b">Syddansk Universitet</marcx:subfield><marcx:subfield code="c">1999-</marcx:subfield></marcx:datafield><marcx:datafield tag="505" ind1="0" ind2="0"><marcx:subfield code="&amp;">1</marcx:subfield><marcx:subfield code="a">Tidsskrift</marcx:subfield></marcx:datafield><marcx:datafield tag="526" ind1="0" ind2="0"><marcx:subfield code="i">Sammenlægning af</marcx:subfield><marcx:subfield code="t">Nyt fra Odense Universitet</marcx:subfield><marcx:subfield code="b">, og:</marcx:subfield><marcx:subfield code="t">Folk og forskning</marcx:subfield><marcx:subfield code="b">, og:</marcx:subfield><marcx:subfield code="t">HHS perspektiv (ikke registreret i: Dansk bogfortegnelse, og: Dansk periodicafortegnelse)</marcx:subfield></marcx:datafield><marcx:datafield tag="526" ind1="0" ind2="0"><marcx:subfield code="i">Også på internettet</marcx:subfield><marcx:subfield code="t">Ny viden</marcx:subfield></marcx:datafield><marcx:datafield tag="539" ind1="0" ind2="0"><marcx:subfield code="a">Nr. 2, marts 2011</marcx:subfield></marcx:datafield><marcx:datafield tag="652" ind1="0" ind2="0"><marcx:subfield code="m">37.64</marcx:subfield><marcx:subfield code="b">Syddansk Universitet</marcx:subfield></marcx:datafield><marcx:datafield tag="710" ind1="0" ind2="0"><marcx:subfield code="a">Syddansk Universitet</marcx:subfield></marcx:datafield><marcx:datafield tag="996" ind1="0" ind2="0"><marcx:subfield code="a">DBC</marcx:subfield></marcx:datafield></marcx:record>