
<marcx:record format="danMARC2" type="Bibliographic" xmlns:marcx="info:lc/xmlns/marcxchange-v1"><marcx:leader>00000n    2200000   4500</marcx:leader><marcx:datafield tag="001" ind1="0" ind2="0"><marcx:subfield code="a">23812266</marcx:subfield><marcx:subfield code="b">191919</marcx:subfield><marcx:subfield code="c">20020214002003</marcx:subfield><marcx:subfield code="d">20011129</marcx:subfield><marcx:subfield code="f">a</marcx:subfield></marcx:datafield><marcx:datafield tag="004" ind1="0" ind2="0"><marcx:subfield code="r">n</marcx:subfield><marcx:subfield code="a">e</marcx:subfield></marcx:datafield><marcx:datafield tag="005" ind1="0" ind2="0"><marcx:subfield code="h">e</marcx:subfield></marcx:datafield><marcx:datafield tag="008" ind1="0" ind2="0"><marcx:subfield code="t">s</marcx:subfield><marcx:subfield code="u">f</marcx:subfield><marcx:subfield code="a">2001</marcx:subfield><marcx:subfield code="b">dk</marcx:subfield><marcx:subfield code="l">eng</marcx:subfield><marcx:subfield code="v">0</marcx:subfield></marcx:datafield><marcx:datafield tag="009" ind1="0" ind2="0"><marcx:subfield code="a">s</marcx:subfield><marcx:subfield code="g">xc</marcx:subfield></marcx:datafield><marcx:datafield tag="020" ind1="0" ind2="0"><marcx:subfield code="a">dk</marcx:subfield></marcx:datafield><marcx:datafield tag="021" ind1="0" ind2="0"><marcx:subfield code="d">kr. 159,00</marcx:subfield></marcx:datafield><marcx:datafield tag="023" ind1="0" ind2="0"><marcx:subfield code="a">5706823000023</marcx:subfield></marcx:datafield><marcx:datafield tag="032" ind1="0" ind2="0"><marcx:subfield code="a">DMO200149</marcx:subfield><marcx:subfield code="x">DAT200207</marcx:subfield></marcx:datafield><marcx:datafield tag="039" ind1="0" ind2="0"><marcx:subfield code="a">bef</marcx:subfield></marcx:datafield><marcx:datafield tag="100" ind1="0" ind2="0"><marcx:subfield code="a">Edwards</marcx:subfield><marcx:subfield code="h">Gil</marcx:subfield></marcx:datafield><marcx:datafield tag="245" ind1="0" ind2="0"><marcx:subfield code="a">Can't give it up</marcx:subfield><marcx:subfield code="i">music &amp; lyrics by: Edwards, Holmslet and Remø</marcx:subfield><marcx:subfield code="e">lead vocals: Gil Edwards</marcx:subfield><marcx:subfield code="e">guitars, programming and backing vocals: Sigbjørn Holmslet</marcx:subfield><marcx:subfield code="e">guitars and  backing vocals: Thorvald Remø</marcx:subfield><marcx:subfield code="e">bass: Morten Skaget</marcx:subfield><marcx:subfield code="i">add. backing vocals: Frank Hellum</marcx:subfield><marcx:subfield code="i">add. programming: Hallgeir Rustad, Ulf Holand</marcx:subfield><marcx:subfield code="i">produced by: Edwards, Holmslet, Remø and Holand</marcx:subfield><marcx:subfield code="i">mixed by Ulf Holand ... [et al.]</marcx:subfield></marcx:datafield><marcx:datafield tag="260" ind1="0" ind2="0"><marcx:subfield code="a">Thorsø</marcx:subfield><marcx:subfield code="b">Corona Music</marcx:subfield><marcx:subfield code="c">2001</marcx:subfield></marcx:datafield><marcx:datafield tag="300" ind1="0" ind2="0"><marcx:subfield code="n">1 cd</marcx:subfield></marcx:datafield><marcx:datafield tag="512" ind1="0" ind2="0"><marcx:subfield code="a">Tekster på omslag</marcx:subfield></marcx:datafield><marcx:datafield tag="531" ind1="0" ind2="0"><marcx:subfield code="a">Indhold:</marcx:subfield></marcx:datafield><marcx:datafield tag="538" ind1="0" ind2="0"><marcx:subfield code="f">Corona Music</marcx:subfield><marcx:subfield code="g">CM-CDP 003</marcx:subfield></marcx:datafield><marcx:datafield tag="652" ind1="0" ind2="0"><marcx:subfield code="m">78.794</marcx:subfield><marcx:subfield code="v">5</marcx:subfield></marcx:datafield><marcx:datafield tag="700" ind1="0" ind2="0"><marcx:subfield code="a">Hellum</marcx:subfield><marcx:subfield code="h">Frank</marcx:subfield></marcx:datafield><marcx:datafield tag="700" ind1="0" ind2="0"><marcx:subfield code="a">Holmslet</marcx:subfield><marcx:subfield code="h">Sigbjørn</marcx:subfield></marcx:datafield><marcx:datafield tag="700" ind1="0" ind2="0"><marcx:subfield code="a">Remø</marcx:subfield><marcx:subfield code="h">Thorvald</marcx:subfield></marcx:datafield><marcx:datafield tag="700" ind1="0" ind2="0"><marcx:subfield code="a">Skaget</marcx:subfield><marcx:subfield code="h">Morten</marcx:subfield></marcx:datafield><marcx:datafield tag="700" ind1="0" ind2="0"><marcx:subfield code="a">Rustad</marcx:subfield><marcx:subfield code="h">Hallgeir</marcx:subfield></marcx:datafield><marcx:datafield tag="700" ind1="0" ind2="0"><marcx:subfield code="a">Holand</marcx:subfield><marcx:subfield code="h">Ulf W. Ø.</marcx:subfield></marcx:datafield><marcx:datafield tag="700" ind1="0" ind2="0"><marcx:subfield code="a">Mølna</marcx:subfield><marcx:subfield code="h">Lars Ove</marcx:subfield></marcx:datafield><marcx:datafield tag="795" ind1="0" ind2="0"><marcx:subfield code="å">11</marcx:subfield><marcx:subfield code="a">Movin' around</marcx:subfield><marcx:subfield code="a">Man in trouble</marcx:subfield><marcx:subfield code="a">Pray for you</marcx:subfield><marcx:subfield code="a">Chevrolet</marcx:subfield><marcx:subfield code="i">violin: Lars Ove Mølna</marcx:subfield><marcx:subfield code="a">Raven</marcx:subfield><marcx:subfield code="a">Cold coffee</marcx:subfield><marcx:subfield code="a">Can't give me up</marcx:subfield><marcx:subfield code="a">Stand by the river</marcx:subfield><marcx:subfield code="a">Workin' boy</marcx:subfield><marcx:subfield code="a">Free</marcx:subfield><marcx:subfield code="a">Silence is gold</marcx:subfield><marcx:subfield code="a">Gold-</marcx:subfield><marcx:subfield code="a">Can't give me up (radio edit)</marcx:subfield></marcx:datafield><marcx:datafield tag="996" ind1="0" ind2="0"><marcx:subfield code="a">DBC</marcx:subfield></marcx:datafield></marcx:record>