
<marcx:record format="danMARC2" type="Bibliographic" xmlns:marcx="info:lc/xmlns/marcxchange-v1"><marcx:leader>00000n    2200000   4500</marcx:leader><marcx:datafield tag="001" ind1="0" ind2="0"><marcx:subfield code="a">41979100</marcx:subfield><marcx:subfield code="b">191919</marcx:subfield><marcx:subfield code="c">19990510211829</marcx:subfield><marcx:subfield code="d">19990510</marcx:subfield><marcx:subfield code="f">a</marcx:subfield></marcx:datafield><marcx:datafield tag="002" ind1="0" ind2="0"><marcx:subfield code="b">746100</marcx:subfield><marcx:subfield code="c">90341650</marcx:subfield><marcx:subfield code="x">74610090341650</marcx:subfield></marcx:datafield><marcx:datafield tag="004" ind1="0" ind2="0"><marcx:subfield code="r">n</marcx:subfield><marcx:subfield code="a">e</marcx:subfield></marcx:datafield><marcx:datafield tag="008" ind1="0" ind2="0"><marcx:subfield code="t">m</marcx:subfield><marcx:subfield code="u">f</marcx:subfield><marcx:subfield code="a">1995</marcx:subfield><marcx:subfield code="b">de</marcx:subfield><marcx:subfield code="l">ger</marcx:subfield><marcx:subfield code="o">b</marcx:subfield><marcx:subfield code="v">0</marcx:subfield></marcx:datafield><marcx:datafield tag="009" ind1="0" ind2="0"><marcx:subfield code="a">r</marcx:subfield><marcx:subfield code="g">xc</marcx:subfield></marcx:datafield><marcx:datafield tag="021" ind1="0" ind2="0"><marcx:subfield code="a">3-7655-8451-7</marcx:subfield><marcx:subfield code="d">kr. 80.00</marcx:subfield></marcx:datafield><marcx:datafield tag="021" ind1="0" ind2="0"><marcx:subfield code="n">CD 91-132</marcx:subfield></marcx:datafield><marcx:datafield tag="100" ind1="0" ind2="0"><marcx:subfield code="a">Krenzer</marcx:subfield><marcx:subfield code="h">Rolf</marcx:subfield></marcx:datafield><marcx:datafield tag="245" ind1="0" ind2="0"><marcx:subfield code="a">Maximilian Maulwurf und der grösste Hügel aller Zeiten</marcx:subfield><marcx:subfield code="e">Texte: Rolf Krenzer</marcx:subfield><marcx:subfield code="e">Musik: Siegfried Fietz</marcx:subfield></marcx:datafield><marcx:datafield tag="260" ind1="0" ind2="0"><marcx:subfield code="a">Greifenstein</marcx:subfield><marcx:subfield code="b">Abakus</marcx:subfield><marcx:subfield code="c">1995</marcx:subfield></marcx:datafield><marcx:datafield tag="300" ind1="0" ind2="0"><marcx:subfield code="n">1 cd</marcx:subfield></marcx:datafield><marcx:datafield tag="440" ind1="0" ind2="0"><marcx:subfield code="0"/><marcx:subfield code="a">Liederhörspiel</marcx:subfield></marcx:datafield><marcx:datafield tag="526" ind1="0" ind2="0"><marcx:subfield code="a">Børnemusical efter bogen af samme navn af Georgie Adams</marcx:subfield></marcx:datafield><marcx:datafield tag="531" ind1="0" ind2="0"><marcx:subfield code="a">Indhold:</marcx:subfield></marcx:datafield><marcx:datafield tag="652" ind1="0" ind2="0"><marcx:subfield code="m">84</marcx:subfield></marcx:datafield><marcx:datafield tag="700" ind1="0" ind2="0"><marcx:subfield code="a">Fietz</marcx:subfield><marcx:subfield code="h">Siegfried</marcx:subfield></marcx:datafield><marcx:datafield tag="795" ind1="0" ind2="0"><marcx:subfield code="å">11</marcx:subfield><marcx:subfield code="a">Song vom Buddeln und Graben I</marcx:subfield><marcx:subfield code="a">Song vom Buddeln und Graben II</marcx:subfield><marcx:subfield code="a">Maximilian</marcx:subfield><marcx:subfield code="a">Der ¤Kater Bert</marcx:subfield><marcx:subfield code="a">Da fiel die Eiche um</marcx:subfield><marcx:subfield code="a">Stolz, stolz, stolz!</marcx:subfield><marcx:subfield code="a">Maulwurfs Lieblingsessen</marcx:subfield><marcx:subfield code="a">Maulwurfs Lieblingsessen (Fortsetzung)</marcx:subfield><marcx:subfield code="a">Stolz, stolz, stolz! (Fortsetzung)</marcx:subfield><marcx:subfield code="a">Song vom Buddeln und Graben III</marcx:subfield><marcx:subfield code="a">Das wird keiner bestreiten</marcx:subfield><marcx:subfield code="a">Kommen Sie! Sehen Sie!</marcx:subfield><marcx:subfield code="a">Wie war ich dumm</marcx:subfield><marcx:subfield code="a">Song vom Buddeln und Graben IV</marcx:subfield><marcx:subfield code="a">Zum Feiern gibt's immer einen Grund</marcx:subfield></marcx:datafield><marcx:datafield tag="996" ind1="0" ind2="0"><marcx:subfield code="a">746100</marcx:subfield></marcx:datafield></marcx:record>