
<marcx:record format="danMARC2" type="Bibliographic" xmlns:marcx="info:lc/xmlns/marcxchange-v1"><marcx:leader>00000n    2200000   4500</marcx:leader><marcx:datafield tag="001" ind1="0" ind2="0"><marcx:subfield code="a">41977329</marcx:subfield><marcx:subfield code="b">191919</marcx:subfield><marcx:subfield code="c">19990510204452</marcx:subfield><marcx:subfield code="d">19990510</marcx:subfield><marcx:subfield code="f">a</marcx:subfield></marcx:datafield><marcx:datafield tag="002" ind1="0" ind2="0"><marcx:subfield code="b">736900</marcx:subfield><marcx:subfield code="c">90325094</marcx:subfield><marcx:subfield code="x">73690090325094</marcx:subfield></marcx:datafield><marcx:datafield tag="004" ind1="0" ind2="0"><marcx:subfield code="r">n</marcx:subfield><marcx:subfield code="a">e</marcx:subfield></marcx:datafield><marcx:datafield tag="008" ind1="0" ind2="0"><marcx:subfield code="t">s</marcx:subfield><marcx:subfield code="v">4</marcx:subfield></marcx:datafield><marcx:datafield tag="009" ind1="0" ind2="0"><marcx:subfield code="a">s</marcx:subfield><marcx:subfield code="g">xc</marcx:subfield></marcx:datafield><marcx:datafield tag="039" ind1="0" ind2="0"><marcx:subfield code="a">bef</marcx:subfield></marcx:datafield><marcx:datafield tag="110" ind1="0" ind2="0"><marcx:subfield code="a">Les ¤Nouvelles Polyphonies Corses</marcx:subfield></marcx:datafield><marcx:datafield tag="245" ind1="0" ind2="0"><marcx:subfield code="a">In paradisu</marcx:subfield><marcx:subfield code="e">Les Nouvelles Polyphonies Corses (Jean-Antoine Ferrali, Eric Sanko, David R. Tronzo ...et al.</marcx:subfield><marcx:subfield code="e">arrangementer: Patrizia Poli, Patrizia Gattaceca, John Cale</marcx:subfield></marcx:datafield><marcx:datafield tag="260" ind1="0" ind2="0"><marcx:subfield code="b">Philips</marcx:subfield></marcx:datafield><marcx:datafield tag="512" ind1="0" ind2="0"><marcx:subfield code="a">Tekster på omslag</marcx:subfield></marcx:datafield><marcx:datafield tag="512" ind1="0" ind2="0"><marcx:subfield code="a">Indspillet i Saint-Charles kirken i Bastia</marcx:subfield></marcx:datafield><marcx:datafield tag="531" ind1="0" ind2="0"><marcx:subfield code="a">Indhold</marcx:subfield></marcx:datafield><marcx:datafield tag="538" ind1="0" ind2="0"><marcx:subfield code="f">Philips</marcx:subfield><marcx:subfield code="g">532453-2</marcx:subfield></marcx:datafield><marcx:datafield tag="652" ind1="0" ind2="0"><marcx:subfield code="m">78.794</marcx:subfield><marcx:subfield code="v">5</marcx:subfield></marcx:datafield><marcx:datafield tag="666" ind1="0" ind2="0"><marcx:subfield code="m">rock</marcx:subfield><marcx:subfield code="m">ambient</marcx:subfield><marcx:subfield code="n">vokal</marcx:subfield><marcx:subfield code="p">1990-1999</marcx:subfield><marcx:subfield code="l">Frankrig</marcx:subfield></marcx:datafield><marcx:datafield tag="700" ind1="0" ind2="0"><marcx:subfield code="a">Ferrali</marcx:subfield><marcx:subfield code="h">Jean-Antoine</marcx:subfield></marcx:datafield><marcx:datafield tag="700" ind1="0" ind2="0"><marcx:subfield code="a">Sanko</marcx:subfield><marcx:subfield code="h">Erik</marcx:subfield></marcx:datafield><marcx:datafield tag="700" ind1="0" ind2="0"><marcx:subfield code="a">Tronzo</marcx:subfield><marcx:subfield code="h">Dave</marcx:subfield></marcx:datafield><marcx:datafield tag="700" ind1="0" ind2="0"><marcx:subfield code="a">Poli</marcx:subfield><marcx:subfield code="h">Patrizia</marcx:subfield></marcx:datafield><marcx:datafield tag="700" ind1="0" ind2="0"><marcx:subfield code="a">Gattaceca</marcx:subfield><marcx:subfield code="h">Patrizia</marcx:subfield></marcx:datafield><marcx:datafield tag="700" ind1="0" ind2="0"><marcx:subfield code="a">Cale</marcx:subfield><marcx:subfield code="h">John</marcx:subfield></marcx:datafield><marcx:datafield tag="700" ind1="0" ind2="0"><marcx:subfield code="a">Smith</marcx:subfield><marcx:subfield code="h">Patti</marcx:subfield></marcx:datafield><marcx:datafield tag="795" ind1="0" ind2="0"><marcx:subfield code="å">1</marcx:subfield><marcx:subfield code="a">Perdonu mio diu</marcx:subfield><marcx:subfield code="a">Introitu</marcx:subfield><marcx:subfield code="a">Kyrie eleison</marcx:subfield><marcx:subfield code="a">Gloria</marcx:subfield><marcx:subfield code="a">Sanctus</marcx:subfield><marcx:subfield code="a">Credo</marcx:subfield><marcx:subfield code="a">Agnus dei</marcx:subfield><marcx:subfield code="a">Salutaris</marcx:subfield><marcx:subfield code="a">Tantum ergo</marcx:subfield><marcx:subfield code="a">Subvenite</marcx:subfield><marcx:subfield code="a">Requiem (introitu)</marcx:subfield><marcx:subfield code="a">Kyrie eleison (defunti)</marcx:subfield><marcx:subfield code="a">Dies irae</marcx:subfield><marcx:subfield code="e">Patti Smith, recitation</marcx:subfield><marcx:subfield code="a">Domine (offertoriu)</marcx:subfield><marcx:subfield code="a">Sanctus (defunti)</marcx:subfield><marcx:subfield code="a">Agnus dei (defunti)</marcx:subfield><marcx:subfield code="a">Libera me</marcx:subfield><marcx:subfield code="a">In paradisu</marcx:subfield><marcx:subfield code="a">Stabat mater</marcx:subfield><marcx:subfield code="a">Dio vi salvi regina</marcx:subfield></marcx:datafield><marcx:datafield tag="996" ind1="0" ind2="0"><marcx:subfield code="a">736900</marcx:subfield></marcx:datafield></marcx:record>