
<record xsi:schemaLocation="http://www.loc.gov/standards/iso25577/marcxchange-1-1.xsd" xmlns="info:lc/xmlns/marcxchange-v1" xmlns:xsi="http://www.w3.org/2001/XMLSchema-instance"><leader>00000n    2200000   4500</leader><datafield tag="001" ind1="0" ind2="0"><subfield code="a">51868862</subfield><subfield code="b">191919</subfield><subfield code="c">20150910101225</subfield><subfield code="d">20150805</subfield><subfield code="f">a</subfield></datafield><datafield tag="004" ind1="0" ind2="0"><subfield code="r">n</subfield><subfield code="a">e</subfield></datafield><datafield tag="008" ind1="0" ind2="0"><subfield code="t">m</subfield><subfield code="u">u</subfield><subfield code="a">2015</subfield><subfield code="b">dk</subfield><subfield code="d">z</subfield><subfield code="d">y</subfield><subfield code="l">dan</subfield><subfield code="x">06</subfield><subfield code="v">0</subfield></datafield><datafield tag="009" ind1="0" ind2="0"><subfield code="a">a</subfield><subfield code="g">xx</subfield></datafield><datafield tag="017" ind1="0" ind2="0"><subfield code="a">26967104</subfield></datafield><datafield tag="021" ind1="0" ind2="0"><subfield code="e">9788702167757</subfield><subfield code="c">ib.</subfield></datafield><datafield tag="032" ind1="0" ind2="0"><subfield code="x">ACC201532</subfield><subfield code="a">DBF201537</subfield><subfield code="x">BKM201537</subfield></datafield><datafield tag="245" ind1="0" ind2="0"><subfield code="a">Moderne dansk møbeldesign</subfield><subfield code="c">tendenser, hammerslag og historie</subfield></datafield><datafield tag="250" ind1="0" ind2="0"><subfield code="a">2. (revideret og udvidet) udgave</subfield><subfield code="b">2. udgave</subfield></datafield><datafield tag="260" ind1="0" ind2="0"><subfield code="&amp;">1</subfield><subfield code="a">Kbh.</subfield><subfield code="b">Bruun Rasmussen Kunstauktioner</subfield><subfield code="b">Gyldendal</subfield><subfield code="c">2015</subfield></datafield><datafield tag="300" ind1="0" ind2="0"><subfield code="a">363 sider</subfield><subfield code="b">ill. i farver</subfield><subfield code="c">28 cm</subfield></datafield><datafield tag="504" ind1="0" ind2="0"><subfield code="&amp;">1</subfield><subfield code="a">Om danske designmøblers historie og om tendenser i prisudviklingen for møbelklassikere fra begyndelsen af 1990'erne til 2014</subfield></datafield><datafield tag="520" ind1="0" ind2="0"><subfield code="a">Tidligere: 1. udgave. 2007</subfield><subfield code="n">26967104</subfield><subfield code="r">9788702061611</subfield></datafield><datafield tag="521" ind1="0" ind2="0"><subfield code="&amp;">REX</subfield><subfield code="b">1. oplag</subfield><subfield code="c">2015</subfield><subfield code="k">tr. i udl.</subfield></datafield><datafield tag="532" ind1="0" ind2="0"><subfield code="&amp;">1</subfield><subfield code="a">Med litteraturhenvisninger</subfield></datafield><datafield tag="652" ind1="0" ind2="0"><subfield code="m">76.6</subfield></datafield><datafield tag="666" ind1="0" ind2="0"><subfield code="0"></subfield><subfield code="f">dansk møbelkunst</subfield></datafield><datafield tag="666" ind1="0" ind2="0"><subfield code="0"></subfield><subfield code="f">møbler</subfield></datafield><datafield tag="666" ind1="0" ind2="0"><subfield code="0"></subfield><subfield code="f">møbelkunstnere</subfield></datafield><datafield tag="666" ind1="0" ind2="0"><subfield code="0"></subfield><subfield code="e">Danmark</subfield></datafield><datafield tag="666" ind1="0" ind2="0"><subfield code="0"></subfield><subfield code="o">billedværker</subfield></datafield><datafield tag="666" ind1="0" ind2="0"><subfield code="0"></subfield><subfield code="o">håndbøger</subfield></datafield><datafield tag="700" ind1="0" ind2="0"><subfield code="a">Hansen</subfield><subfield code="h">Per H.</subfield><subfield code="c">f. 1957</subfield><subfield code="4">aut</subfield><subfield code="4">oth</subfield></datafield><datafield tag="700" ind1="0" ind2="0"><subfield code="a">Petersen</subfield><subfield code="h">Klaus</subfield><subfield code="c">f. 1965-10-24</subfield><subfield code="4">aut</subfield><subfield code="4">oth</subfield></datafield><datafield tag="710" ind1="0" ind2="0"><subfield code="a">Bruun Rasmussen Kunstauktioner</subfield></datafield><datafield tag="745" ind1="0" ind2="0"><subfield code="a">Møbeldesign</subfield></datafield><datafield tag="990" ind1="0" ind2="0"><subfield code="o">201537</subfield><subfield code="b">l</subfield><subfield code="b">v</subfield><subfield code="u">nu</subfield></datafield><datafield tag="996" ind1="0" ind2="0"><subfield code="a">DBC</subfield></datafield></record>