
<marcx:record format="danMARC2" type="Bibliographic" xmlns:marcx="info:lc/xmlns/marcxchange-v1"><marcx:leader>00000n    2200000   4500</marcx:leader><marcx:datafield tag="001" ind1="0" ind2="0"><marcx:subfield code="a">22445952</marcx:subfield><marcx:subfield code="b">191919</marcx:subfield><marcx:subfield code="c">20150421104738</marcx:subfield><marcx:subfield code="d">19990511</marcx:subfield><marcx:subfield code="f">a</marcx:subfield></marcx:datafield><marcx:datafield tag="004" ind1="0" ind2="0"><marcx:subfield code="r">n</marcx:subfield><marcx:subfield code="a">e</marcx:subfield></marcx:datafield><marcx:datafield tag="008" ind1="0" ind2="0"><marcx:subfield code="t">s</marcx:subfield><marcx:subfield code="u">f</marcx:subfield><marcx:subfield code="a">1999</marcx:subfield><marcx:subfield code="b">dk</marcx:subfield><marcx:subfield code="d">å</marcx:subfield><marcx:subfield code="l">dan</marcx:subfield><marcx:subfield code="o">b</marcx:subfield><marcx:subfield code="v">0</marcx:subfield></marcx:datafield><marcx:datafield tag="009" ind1="0" ind2="0"><marcx:subfield code="a">a</marcx:subfield><marcx:subfield code="g">xx</marcx:subfield></marcx:datafield><marcx:datafield tag="021" ind1="0" ind2="0"><marcx:subfield code="a">87-7047-760-4</marcx:subfield><marcx:subfield code="c">hf.</marcx:subfield><marcx:subfield code="d">kr. 98,00</marcx:subfield><marcx:subfield code="n">1998-5481</marcx:subfield></marcx:datafield><marcx:datafield tag="032" ind1="0" ind2="0"><marcx:subfield code="a">DBF199922</marcx:subfield><marcx:subfield code="x">SKO200001</marcx:subfield><marcx:subfield code="x">SFD199922</marcx:subfield><marcx:subfield code="x">SAN198507</marcx:subfield><marcx:subfield code="x">DAT201518</marcx:subfield></marcx:datafield><marcx:datafield tag="038" ind1="0" ind2="0"><marcx:subfield code="a">bi</marcx:subfield></marcx:datafield><marcx:datafield tag="245" ind1="0" ind2="0"><marcx:subfield code="a">Her er min mor - og andre nye børnesange</marcx:subfield><marcx:subfield code="e">tegnet af Bente Bech</marcx:subfield><marcx:subfield code="e">[tekster]: ... Elisabeth Gjerluff Nielsen, ... Nikolaj Steen, ... Maria Bramsen</marcx:subfield></marcx:datafield><marcx:datafield tag="260" ind1="0" ind2="0"><marcx:subfield code="&amp;">1</marcx:subfield><marcx:subfield code="a">[Søborg]</marcx:subfield><marcx:subfield code="b">DR Multimedie</marcx:subfield><marcx:subfield code="c">1999</marcx:subfield><marcx:subfield code="k">Tr. i udl.</marcx:subfield></marcx:datafield><marcx:datafield tag="300" ind1="0" ind2="0"><marcx:subfield code="a">[18] sider</marcx:subfield><marcx:subfield code="b">alle ill. i farver</marcx:subfield></marcx:datafield><marcx:datafield tag="512" ind1="0" ind2="0"><marcx:subfield code="i">På omslaget: Uddrag af tekster fra cd'en</marcx:subfield><marcx:subfield code="t">Hemli' helikopter</marcx:subfield></marcx:datafield><marcx:datafield tag="512" ind1="0" ind2="0"><marcx:subfield code="a">Sangtekster uden noder</marcx:subfield></marcx:datafield><marcx:datafield tag="534" ind1="0" ind2="0"><marcx:subfield code="&amp;">san</marcx:subfield><marcx:subfield code="i">Af indholdet</marcx:subfield><marcx:subfield code="d">Maria Bramsen</marcx:subfield><marcx:subfield code="t">En lille fugl med grønne fjer</marcx:subfield><marcx:subfield code="d">Elisabeth Gjerluff Nielsen</marcx:subfield><marcx:subfield code="t">Her er min mor</marcx:subfield><marcx:subfield code="t">Røde gummistøvler</marcx:subfield><marcx:subfield code="b">(</marcx:subfield><marcx:subfield code="t">Sutsko og futsko</marcx:subfield><marcx:subfield code="b">)</marcx:subfield><marcx:subfield code="d">Nikolaj Steen</marcx:subfield><marcx:subfield code="t">Klokken otte</marcx:subfield><marcx:subfield code="b">(</marcx:subfield><marcx:subfield code="t">Vækkeuret ringer, det er morgen, vi ska' op</marcx:subfield><marcx:subfield code="b">)</marcx:subfield></marcx:datafield><marcx:datafield tag="652" ind1="0" ind2="0"><marcx:subfield code="m">78.69</marcx:subfield></marcx:datafield><marcx:datafield tag="666" ind1="0" ind2="0"><marcx:subfield code="0"/><marcx:subfield code="o">børnesange</marcx:subfield></marcx:datafield><marcx:datafield tag="666" ind1="0" ind2="0"><marcx:subfield code="0"/><marcx:subfield code="o">sange</marcx:subfield></marcx:datafield><marcx:datafield tag="666" ind1="0" ind2="0"><marcx:subfield code="0"/><marcx:subfield code="u">for 4 år</marcx:subfield></marcx:datafield><marcx:datafield tag="666" ind1="0" ind2="0"><marcx:subfield code="0"/><marcx:subfield code="u">for 5 år</marcx:subfield></marcx:datafield><marcx:datafield tag="666" ind1="0" ind2="0"><marcx:subfield code="0"/><marcx:subfield code="u">for 6 år</marcx:subfield></marcx:datafield><marcx:datafield tag="700" ind1="0" ind2="0"><marcx:subfield code="0"/><marcx:subfield code="a">Bech</marcx:subfield><marcx:subfield code="h">Bente</marcx:subfield></marcx:datafield><marcx:datafield tag="700" ind1="0" ind2="0"><marcx:subfield code="0"/><marcx:subfield code="å">1</marcx:subfield><marcx:subfield code="a">Elisabeth</marcx:subfield><marcx:subfield code="c">f. 1957</marcx:subfield></marcx:datafield><marcx:datafield tag="700" ind1="0" ind2="0"><marcx:subfield code="0"/><marcx:subfield code="a">Steen</marcx:subfield><marcx:subfield code="h">Nikolaj</marcx:subfield></marcx:datafield><marcx:datafield tag="700" ind1="0" ind2="0"><marcx:subfield code="0"/><marcx:subfield code="a">Bramsen</marcx:subfield><marcx:subfield code="h">Maria</marcx:subfield></marcx:datafield><marcx:datafield tag="900" ind1="0" ind2="0"><marcx:subfield code="0"/><marcx:subfield code="a">Gjerluff Nielsen</marcx:subfield><marcx:subfield code="h">Elisabeth</marcx:subfield><marcx:subfield code="z">700/1</marcx:subfield></marcx:datafield><marcx:datafield tag="990" ind1="0" ind2="0"><marcx:subfield code="a">SFD</marcx:subfield><marcx:subfield code="b">L</marcx:subfield><marcx:subfield code="b">S</marcx:subfield><marcx:subfield code="b">B</marcx:subfield><marcx:subfield code="c">A</marcx:subfield><marcx:subfield code="o">199922</marcx:subfield></marcx:datafield><marcx:datafield tag="996" ind1="0" ind2="0"><marcx:subfield code="a">DBC</marcx:subfield></marcx:datafield></marcx:record>