
<marcx:record format="danMARC2" type="Bibliographic" xmlns:marcx="info:lc/xmlns/marcxchange-v1"><marcx:leader>00000n    2200000   4500</marcx:leader><marcx:datafield tag="001" ind1="0" ind2="0"><marcx:subfield code="a">22446061</marcx:subfield><marcx:subfield code="b">191919</marcx:subfield><marcx:subfield code="c">20000515001923</marcx:subfield><marcx:subfield code="d">19990511</marcx:subfield><marcx:subfield code="f">a</marcx:subfield></marcx:datafield><marcx:datafield tag="004" ind1="0" ind2="0"><marcx:subfield code="r">n</marcx:subfield><marcx:subfield code="a">e</marcx:subfield></marcx:datafield><marcx:datafield tag="008" ind1="0" ind2="0"><marcx:subfield code="t">s</marcx:subfield><marcx:subfield code="u">f</marcx:subfield><marcx:subfield code="a">1999</marcx:subfield><marcx:subfield code="b">us</marcx:subfield><marcx:subfield code="l">eng</marcx:subfield><marcx:subfield code="v">0</marcx:subfield></marcx:datafield><marcx:datafield tag="009" ind1="0" ind2="0"><marcx:subfield code="a">s</marcx:subfield><marcx:subfield code="g">xc</marcx:subfield></marcx:datafield><marcx:datafield tag="021" ind1="0" ind2="0"><marcx:subfield code="d">kr. 169,00</marcx:subfield></marcx:datafield><marcx:datafield tag="032" ind1="0" ind2="0"><marcx:subfield code="x">SFG199921</marcx:subfield><marcx:subfield code="x">DAT200021</marcx:subfield></marcx:datafield><marcx:datafield tag="039" ind1="0" ind2="0"><marcx:subfield code="a">bef</marcx:subfield></marcx:datafield><marcx:datafield tag="100" ind1="0" ind2="0"><marcx:subfield code="a">Presley</marcx:subfield><marcx:subfield code="h">Elvis</marcx:subfield></marcx:datafield><marcx:datafield tag="245" ind1="0" ind2="0"><marcx:subfield code="a">Suspicious minds</marcx:subfield><marcx:subfield code="u">The ¤Memphis 1969 anthology</marcx:subfield><marcx:subfield code="e">Elvis Presley with Reggie Young, Tommy Cogbill, Gene Chrisman, Bobby Wood, Bobby Emmons, Ed Kollis, R.F. Taylor, J.P. Luper, Jackie Thomas ... [et al.]</marcx:subfield><marcx:subfield code="e">compilation produced by Ernst Mikael Jørgensen &amp; Roger Semon</marcx:subfield></marcx:datafield><marcx:datafield tag="260" ind1="0" ind2="0"><marcx:subfield code="a">[S.l.]</marcx:subfield><marcx:subfield code="b">RCA</marcx:subfield><marcx:subfield code="c">p 1999</marcx:subfield></marcx:datafield><marcx:datafield tag="300" ind1="0" ind2="0"><marcx:subfield code="n">2 cd'er</marcx:subfield></marcx:datafield><marcx:datafield tag="512" ind1="0" ind2="0"><marcx:subfield code="a">Indspillet i Memphis januar og februar 1969</marcx:subfield></marcx:datafield><marcx:datafield tag="531" ind1="0" ind2="0"><marcx:subfield code="a">Indhold:</marcx:subfield></marcx:datafield><marcx:datafield tag="538" ind1="0" ind2="0"><marcx:subfield code="f">RCA</marcx:subfield><marcx:subfield code="g">07863676772</marcx:subfield></marcx:datafield><marcx:datafield tag="652" ind1="0" ind2="0"><marcx:subfield code="m">78.794</marcx:subfield><marcx:subfield code="v">5</marcx:subfield></marcx:datafield><marcx:datafield tag="666" ind1="0" ind2="0"><marcx:subfield code="0"/><marcx:subfield code="m">rock</marcx:subfield><marcx:subfield code="n">vokal</marcx:subfield><marcx:subfield code="p">1960-1969</marcx:subfield><marcx:subfield code="l">USA</marcx:subfield></marcx:datafield><marcx:datafield tag="700" ind1="0" ind2="0"><marcx:subfield code="å">1</marcx:subfield><marcx:subfield code="a">Jørgensen</marcx:subfield><marcx:subfield code="h">Ernst</marcx:subfield><marcx:subfield code="c">f. 1950</marcx:subfield></marcx:datafield><marcx:datafield tag="700" ind1="0" ind2="0"><marcx:subfield code="a">Semon</marcx:subfield><marcx:subfield code="h">Roger</marcx:subfield></marcx:datafield><marcx:datafield tag="700" ind1="0" ind2="0"><marcx:subfield code="a">Young</marcx:subfield><marcx:subfield code="h">Reggie</marcx:subfield></marcx:datafield><marcx:datafield tag="700" ind1="0" ind2="0"><marcx:subfield code="a">Chrisman</marcx:subfield><marcx:subfield code="h">Gene</marcx:subfield></marcx:datafield><marcx:datafield tag="700" ind1="0" ind2="0"><marcx:subfield code="a">Cogbill</marcx:subfield><marcx:subfield code="h">Tommy</marcx:subfield></marcx:datafield><marcx:datafield tag="700" ind1="0" ind2="0"><marcx:subfield code="a">Wood</marcx:subfield><marcx:subfield code="h">Bobby</marcx:subfield></marcx:datafield><marcx:datafield tag="700" ind1="0" ind2="0"><marcx:subfield code="a">Emmons</marcx:subfield><marcx:subfield code="h">Bobby</marcx:subfield></marcx:datafield><marcx:datafield tag="700" ind1="0" ind2="0"><marcx:subfield code="a">Kollis</marcx:subfield><marcx:subfield code="h">Ed</marcx:subfield></marcx:datafield><marcx:datafield tag="700" ind1="0" ind2="0"><marcx:subfield code="a">Taylor</marcx:subfield><marcx:subfield code="h">R. F.</marcx:subfield></marcx:datafield><marcx:datafield tag="700" ind1="0" ind2="0"><marcx:subfield code="a">Luper</marcx:subfield><marcx:subfield code="h">J. P.</marcx:subfield></marcx:datafield><marcx:datafield tag="700" ind1="0" ind2="0"><marcx:subfield code="a">Thomas</marcx:subfield><marcx:subfield code="h">Jackie</marcx:subfield></marcx:datafield><marcx:datafield tag="795" ind1="0" ind2="0"><marcx:subfield code="å">11</marcx:subfield><marcx:subfield code="a">Wearin' that loved on look</marcx:subfield><marcx:subfield code="a">Only the strong survive</marcx:subfield><marcx:subfield code="a">I'll hold you in my heart</marcx:subfield><marcx:subfield code="a">Long black Limousine</marcx:subfield><marcx:subfield code="a">It keeps right on a-hurtin'</marcx:subfield><marcx:subfield code="a">I'm movin' on</marcx:subfield><marcx:subfield code="a">Power of my love</marcx:subfield><marcx:subfield code="a">Gentle on my mind</marcx:subfield><marcx:subfield code="a">After loving you</marcx:subfield><marcx:subfield code="a">True love travels on a gravel road</marcx:subfield><marcx:subfield code="a">Any day now</marcx:subfield><marcx:subfield code="a">In the ghetto</marcx:subfield><marcx:subfield code="a">Mama liked the roses</marcx:subfield><marcx:subfield code="a">Suspicious minds</marcx:subfield><marcx:subfield code="a">You'll think of me</marcx:subfield><marcx:subfield code="a">Don't cry daddy</marcx:subfield><marcx:subfield code="a">The ¤fair is moving on</marcx:subfield><marcx:subfield code="a">Kentucky rain</marcx:subfield><marcx:subfield code="a">Stranger in my own home town</marcx:subfield><marcx:subfield code="a">Without love (there is nothing)</marcx:subfield><marcx:subfield code="a">This time</marcx:subfield><marcx:subfield code="7">/</marcx:subfield><marcx:subfield code="a">I can't stop loving you</marcx:subfield><marcx:subfield code="a">After loving you (alternate take)</marcx:subfield><marcx:subfield code="a">Without love (alternate take)</marcx:subfield><marcx:subfield code="a">I'm movin' on (alternate mix/vocal)</marcx:subfield><marcx:subfield code="a">From ajack to a king</marcx:subfield><marcx:subfield code="a">It keeps right on a-hurtin' (alternate take)</marcx:subfield><marcx:subfield code="a">True love travels on a gravel road (alternate take)</marcx:subfield><marcx:subfield code="a">Power of my love (alternate take)</marcx:subfield><marcx:subfield code="a">You'll think of me (alternate take)</marcx:subfield><marcx:subfield code="a">If I'm a fool (for loving you)</marcx:subfield><marcx:subfield code="a">Do you know who I am</marcx:subfield><marcx:subfield code="a">A ¤little bit of green</marcx:subfield><marcx:subfield code="a">And the grass won't pay no mind</marcx:subfield><marcx:subfield code="a">This is the story</marcx:subfield><marcx:subfield code="a">I'll be there</marcx:subfield><marcx:subfield code="a">Hey Jude</marcx:subfield><marcx:subfield code="a">Rubberneckin'</marcx:subfield><marcx:subfield code="a">Poor man's gold (incomplete)</marcx:subfield><marcx:subfield code="a">Inherit the wind</marcx:subfield><marcx:subfield code="a">My little friend</marcx:subfield><marcx:subfield code="a">Who am I?</marcx:subfield><marcx:subfield code="a">Kentucky rain (alternate take)</marcx:subfield><marcx:subfield code="a">Suspicious minds (alternate take)</marcx:subfield><marcx:subfield code="a">In the ghetto (alternate take)</marcx:subfield></marcx:datafield><marcx:datafield tag="900" ind1="0" ind2="0"><marcx:subfield code="a">Jørgensen</marcx:subfield><marcx:subfield code="h">Ernst Mikael</marcx:subfield><marcx:subfield code="z">700/1</marcx:subfield></marcx:datafield><marcx:datafield tag="990" ind1="0" ind2="0"><marcx:subfield code="a">SFG</marcx:subfield><marcx:subfield code="c">C</marcx:subfield><marcx:subfield code="o">199921</marcx:subfield><marcx:subfield code="t">11.06.99</marcx:subfield></marcx:datafield><marcx:datafield tag="996" ind1="0" ind2="0"><marcx:subfield code="a">DBC</marcx:subfield></marcx:datafield></marcx:record>