
<record xsi:schemaLocation="http://www.loc.gov/standards/iso25577/marcxchange-1-1.xsd" xmlns="info:lc/xmlns/marcxchange-v1" xmlns:xsi="http://www.w3.org/2001/XMLSchema-instance"><leader>00000n    2200000   4500</leader><datafield tag="001" ind1="0" ind2="0"><subfield code="a">51911687</subfield><subfield code="b">191919</subfield><subfield code="c">20150915085459</subfield><subfield code="d">20150827</subfield><subfield code="f">a</subfield></datafield><datafield tag="004" ind1="0" ind2="0"><subfield code="r">n</subfield><subfield code="a">e</subfield></datafield><datafield tag="008" ind1="0" ind2="0"><subfield code="t">m</subfield><subfield code="u">f</subfield><subfield code="a">2014</subfield><subfield code="b">dk</subfield><subfield code="d">å</subfield><subfield code="d">y</subfield><subfield code="l">eng</subfield><subfield code="x">04</subfield><subfield code="v">0</subfield></datafield><datafield tag="009" ind1="0" ind2="0"><subfield code="a">a</subfield><subfield code="g">xx</subfield></datafield><datafield tag="021" ind1="0" ind2="0"><subfield code="c">Hf.</subfield></datafield><datafield tag="032" ind1="0" ind2="0"><subfield code="x">ACC201535</subfield><subfield code="a">DBF201540</subfield></datafield><datafield tag="245" ind1="0" ind2="0"><subfield code="a">When will you think differently about programme delivery?</subfield><subfield code="c">4th global portfolio and programme management survey</subfield></datafield><datafield tag="260" ind1="0" ind2="0"><subfield code="&amp;">1</subfield><subfield code="a">[Hellerup]</subfield><subfield code="b">PwC</subfield><subfield code="c">2014</subfield></datafield><datafield tag="300" ind1="0" ind2="0"><subfield code="a">44 sider</subfield><subfield code="b">ill. i farver</subfield><subfield code="c">30 cm</subfield></datafield><datafield tag="521" ind1="0" ind2="0"><subfield code="&amp;">REX</subfield><subfield code="b">1. oplag</subfield><subfield code="c">2014</subfield></datafield><datafield tag="652" ind1="0" ind2="0"><subfield code="m">60.1</subfield></datafield><datafield tag="710" ind1="0" ind2="0"><subfield code="a">PwC</subfield><subfield code="e">firma</subfield></datafield><datafield tag="996" ind1="0" ind2="0"><subfield code="a">DBC</subfield></datafield></record>