
<record xsi:schemaLocation="http://www.loc.gov/standards/iso25577/marcxchange-1-1.xsd" xmlns="info:lc/xmlns/marcxchange-v1" xmlns:xsi="http://www.w3.org/2001/XMLSchema-instance"><leader>00000n    2200000   4500</leader><datafield tag="001" ind1="0" ind2="0"><subfield code="a">22446037</subfield><subfield code="b">191919</subfield><subfield code="c">20150827141444</subfield><subfield code="d">19990511</subfield><subfield code="f">a</subfield></datafield><datafield tag="004" ind1="0" ind2="0"><subfield code="r">n</subfield><subfield code="a">e</subfield></datafield><datafield tag="008" ind1="0" ind2="0"><subfield code="t">m</subfield><subfield code="u">u</subfield><subfield code="a">1998</subfield><subfield code="b">dk</subfield><subfield code="d">å</subfield><subfield code="d">y</subfield><subfield code="l">dan</subfield><subfield code="v">0</subfield></datafield><datafield tag="009" ind1="0" ind2="0"><subfield code="a">a</subfield><subfield code="g">xx</subfield></datafield><datafield tag="021" ind1="0" ind2="0"><subfield code="a">87-89967-08-9</subfield><subfield code="c">hf.</subfield><subfield code="d">gratis</subfield></datafield><datafield tag="032" ind1="0" ind2="0"><subfield code="a">DBF199922</subfield><subfield code="x">SFD199922</subfield><subfield code="x">DAT201537</subfield></datafield><datafield tag="245" ind1="0" ind2="0"><subfield code="a">Brancheanalyse af jordbrug og fødevarer</subfield><subfield code="b">med særlig fokus på beskæftigelsen</subfield><subfield code="e">udført ... af Arbejderbevægelsens Erhvervsråd</subfield><subfield code="f">for HTS' Branchegruppe for Jordbrug og Fødevarer</subfield></datafield><datafield tag="250" ind1="0" ind2="0"><subfield code="a">2. reviderede udgave</subfield><subfield code="b">2. udgave</subfield></datafield><datafield tag="260" ind1="0" ind2="0"><subfield code="a">Kbh.</subfield><subfield code="d">Nyropsgade 14/4, 1620 V</subfield><subfield code="b">HTS Kartellet</subfield><subfield code="c">1998</subfield><subfield code="k">Mediemaskinen</subfield></datafield><datafield tag="300" ind1="0" ind2="0"><subfield code="a">26 sider</subfield><subfield code="b">ill.</subfield><subfield code="c">30 cm</subfield></datafield><datafield tag="520" ind1="0" ind2="0"><subfield code="a">Tidligere: 1. udgave. 199-? (ikke registreret i: Dansk bogfortegnelse)</subfield></datafield><datafield tag="652" ind1="0" ind2="0"><subfield code="m">63.01</subfield></datafield><datafield tag="652" ind1="0" ind2="0"><subfield code="p">66.8</subfield></datafield><datafield tag="666" ind1="0" ind2="0"><subfield code="0"></subfield><subfield code="f">jordbrug</subfield></datafield><datafield tag="666" ind1="0" ind2="0"><subfield code="0"></subfield><subfield code="f">landbrug</subfield></datafield><datafield tag="666" ind1="0" ind2="0"><subfield code="0"></subfield><subfield code="f">levnedsmiddelindustri</subfield></datafield><datafield tag="666" ind1="0" ind2="0"><subfield code="0"></subfield><subfield code="f">beskæftigelse</subfield></datafield><datafield tag="666" ind1="0" ind2="0"><subfield code="0"></subfield><subfield code="o">brancheanalyser</subfield></datafield><datafield tag="666" ind1="0" ind2="0"><subfield code="o">analyser</subfield></datafield><datafield tag="710" ind1="0" ind2="0"><subfield code="a">Arbejderbevægelsens Erhvervsråd</subfield></datafield><datafield tag="710" ind1="0" ind2="0"><subfield code="å">1</subfield><subfield code="a">Kartellet for Handel, Transport og Service</subfield></datafield><datafield tag="910" ind1="0" ind2="0"><subfield code="a">HTS-Kartellet</subfield><subfield code="z">710/1</subfield></datafield><datafield tag="990" ind1="0" ind2="0"><subfield code="a">SFD</subfield><subfield code="c">H</subfield><subfield code="o">199922</subfield></datafield><datafield tag="996" ind1="0" ind2="0"><subfield code="a">DBC</subfield></datafield></record>