
<marcx:record format="danMARC2" type="Bibliographic" xmlns:marcx="info:lc/xmlns/marcxchange-v1"><marcx:leader>00000n    2200000   4500</marcx:leader><marcx:datafield tag="001" ind1="0" ind2="0"><marcx:subfield code="a">22879944</marcx:subfield><marcx:subfield code="b">191919</marcx:subfield><marcx:subfield code="c">20000503233651</marcx:subfield><marcx:subfield code="d">20000411</marcx:subfield><marcx:subfield code="f">a</marcx:subfield></marcx:datafield><marcx:datafield tag="004" ind1="0" ind2="0"><marcx:subfield code="r">n</marcx:subfield><marcx:subfield code="a">e</marcx:subfield></marcx:datafield><marcx:datafield tag="005" ind1="0" ind2="0"><marcx:subfield code="h">e</marcx:subfield></marcx:datafield><marcx:datafield tag="008" ind1="0" ind2="0"><marcx:subfield code="t">s</marcx:subfield><marcx:subfield code="u">f</marcx:subfield><marcx:subfield code="a">2000</marcx:subfield><marcx:subfield code="b">dk</marcx:subfield><marcx:subfield code="l">eng</marcx:subfield><marcx:subfield code="v">0</marcx:subfield></marcx:datafield><marcx:datafield tag="009" ind1="0" ind2="0"><marcx:subfield code="a">s</marcx:subfield><marcx:subfield code="g">xc</marcx:subfield></marcx:datafield><marcx:datafield tag="020" ind1="0" ind2="0"><marcx:subfield code="a">dk</marcx:subfield></marcx:datafield><marcx:datafield tag="021" ind1="0" ind2="0"><marcx:subfield code="d">kr. 159,00</marcx:subfield></marcx:datafield><marcx:datafield tag="023" ind1="0" ind2="0"><marcx:subfield code="a">0724352504329</marcx:subfield></marcx:datafield><marcx:datafield tag="032" ind1="0" ind2="0"><marcx:subfield code="a">DMO200018</marcx:subfield><marcx:subfield code="x">SFG200018</marcx:subfield></marcx:datafield><marcx:datafield tag="039" ind1="0" ind2="0"><marcx:subfield code="a">dau</marcx:subfield></marcx:datafield><marcx:datafield tag="100" ind1="0" ind2="0"><marcx:subfield code="a">Siggꜳrd</marcx:subfield><marcx:subfield code="h">Kirsten</marcx:subfield></marcx:datafield><marcx:datafield tag="245" ind1="0" ind2="0"><marcx:subfield code="a">Mit liv med Patsy Cline</marcx:subfield><marcx:subfield code="i">arranged and produced by Søren Bundgꜳrd ... [et al.]</marcx:subfield><marcx:subfield code="i">strings arranged by Charles Cochran</marcx:subfield><marcx:subfield code="j">Kirsten Siggꜳrd with Chris Leuzinger, Eddie Bayers, David Hungate, Steve Nathan, Sonny Garrish, Mark Casstevens, Dave Pomeroy ... [et al.]</marcx:subfield><marcx:subfield code="i">Kirsten Siggꜳrd: [vocal]</marcx:subfield><marcx:subfield code="i">Chris Leuzinger: el-guitar</marcx:subfield><marcx:subfield code="i">Eddie Bayers: drums</marcx:subfield><marcx:subfield code="i">David Hungate: bas</marcx:subfield><marcx:subfield code="i">Steve Nathan: keyboard</marcx:subfield><marcx:subfield code="i">Sonny Garrish: steelguitar</marcx:subfield><marcx:subfield code="i">Mark Casstevens: ak. guitar</marcx:subfield><marcx:subfield code="i">Dave Pomeroy: bas</marcx:subfield><marcx:subfield code="i">Arvid Nielsen, Pia Trøjgꜳrd, Gry Harrit: choir</marcx:subfield><marcx:subfield code="i">Søren Bundgꜳrd: add. guitar, percussion and add. choir</marcx:subfield><marcx:subfield code="i">engineer: Bob Bullock</marcx:subfield><marcx:subfield code="i">Prague Symphony Orc.: [strings]</marcx:subfield><marcx:subfield code="i">conducted by Adam Klemens</marcx:subfield><marcx:subfield code="i">mixed by Lars H. Nissen and Søren bundgꜳrd</marcx:subfield></marcx:datafield><marcx:datafield tag="260" ind1="0" ind2="0"><marcx:subfield code="a">[S.l.]</marcx:subfield><marcx:subfield code="b">Harlekin</marcx:subfield><marcx:subfield code="b">CMC</marcx:subfield><marcx:subfield code="c">p 2000</marcx:subfield></marcx:datafield><marcx:datafield tag="300" ind1="0" ind2="0"><marcx:subfield code="n">1 cd</marcx:subfield></marcx:datafield><marcx:datafield tag="512" ind1="0" ind2="0"><marcx:subfield code="&amp;">0</marcx:subfield><marcx:subfield code="a">Indspillet i Nashville, København, Ålborg og Prag</marcx:subfield></marcx:datafield><marcx:datafield tag="512" ind1="0" ind2="0"><marcx:subfield code="a">Tekster på omslag</marcx:subfield></marcx:datafield><marcx:datafield tag="531" ind1="0" ind2="0"><marcx:subfield code="a">Indhold:</marcx:subfield></marcx:datafield><marcx:datafield tag="538" ind1="0" ind2="0"><marcx:subfield code="f">Harlekin</marcx:subfield><marcx:subfield code="f">CMC</marcx:subfield><marcx:subfield code="g">5250432</marcx:subfield></marcx:datafield><marcx:datafield tag="652" ind1="0" ind2="0"><marcx:subfield code="m">78.797</marcx:subfield><marcx:subfield code="v">6</marcx:subfield></marcx:datafield><marcx:datafield tag="652" ind1="0" ind2="0"><marcx:subfield code="p">78.794</marcx:subfield><marcx:subfield code="v">2</marcx:subfield></marcx:datafield><marcx:datafield tag="666" ind1="0" ind2="0"><marcx:subfield code="0"/><marcx:subfield code="m">country</marcx:subfield><marcx:subfield code="n">vokal</marcx:subfield><marcx:subfield code="p">1990-1999</marcx:subfield><marcx:subfield code="l">Danmark</marcx:subfield></marcx:datafield><marcx:datafield tag="700" ind1="0" ind2="0"><marcx:subfield code="a">Bundgꜳrd</marcx:subfield><marcx:subfield code="h">Søren</marcx:subfield></marcx:datafield><marcx:datafield tag="700" ind1="0" ind2="0"><marcx:subfield code="a">Leuzinger</marcx:subfield><marcx:subfield code="h">Chris</marcx:subfield></marcx:datafield><marcx:datafield tag="700" ind1="0" ind2="0"><marcx:subfield code="a">Bayers</marcx:subfield><marcx:subfield code="h">Eddie</marcx:subfield></marcx:datafield><marcx:datafield tag="700" ind1="0" ind2="0"><marcx:subfield code="a">Hungate</marcx:subfield><marcx:subfield code="h">David</marcx:subfield></marcx:datafield><marcx:datafield tag="700" ind1="0" ind2="0"><marcx:subfield code="a">Nathan</marcx:subfield><marcx:subfield code="h">Steve</marcx:subfield></marcx:datafield><marcx:datafield tag="700" ind1="0" ind2="0"><marcx:subfield code="a">Garrish</marcx:subfield><marcx:subfield code="h">Sonny</marcx:subfield></marcx:datafield><marcx:datafield tag="700" ind1="0" ind2="0"><marcx:subfield code="a">Casstevens</marcx:subfield><marcx:subfield code="h">Mark</marcx:subfield></marcx:datafield><marcx:datafield tag="700" ind1="0" ind2="0"><marcx:subfield code="a">Pomeroy</marcx:subfield><marcx:subfield code="h">David</marcx:subfield></marcx:datafield><marcx:datafield tag="700" ind1="0" ind2="0"><marcx:subfield code="å">2</marcx:subfield><marcx:subfield code="a">Arvid</marcx:subfield></marcx:datafield><marcx:datafield tag="700" ind1="0" ind2="0"><marcx:subfield code="a">Trøjgꜳrd</marcx:subfield><marcx:subfield code="h">Pia</marcx:subfield></marcx:datafield><marcx:datafield tag="700" ind1="0" ind2="0"><marcx:subfield code="a">Harrit</marcx:subfield><marcx:subfield code="h">Gry</marcx:subfield></marcx:datafield><marcx:datafield tag="700" ind1="0" ind2="0"><marcx:subfield code="a">Cline</marcx:subfield><marcx:subfield code="h">Patsy</marcx:subfield></marcx:datafield><marcx:datafield tag="710" ind1="0" ind2="0"><marcx:subfield code="a">Prags Filharmoniske Orkester</marcx:subfield></marcx:datafield><marcx:datafield tag="795" ind1="0" ind2="0"><marcx:subfield code="å">11</marcx:subfield><marcx:subfield code="a">Crazy</marcx:subfield><marcx:subfield code="i">Willie Nielson</marcx:subfield><marcx:subfield code="a">Faded love</marcx:subfield><marcx:subfield code="i">Bob Willis/John Willis</marcx:subfield><marcx:subfield code="a">Seven lonely days</marcx:subfield><marcx:subfield code="i">Earl Shuman, Alden Shuman/Marshall Brown</marcx:subfield><marcx:subfield code="a">True love</marcx:subfield><marcx:subfield code="i">Cole Porter</marcx:subfield><marcx:subfield code="a">Your cheatin' heart</marcx:subfield><marcx:subfield code="i">H. Williams</marcx:subfield><marcx:subfield code="a">Walking after midnight</marcx:subfield><marcx:subfield code="i">Alan Black/Don Hect</marcx:subfield><marcx:subfield code="a">Always</marcx:subfield><marcx:subfield code="i">I. Berlin</marcx:subfield><marcx:subfield code="a">San Antonio rose</marcx:subfield><marcx:subfield code="i">Bob Willis</marcx:subfield><marcx:subfield code="a">Sweet dreams</marcx:subfield><marcx:subfield code="i">D. Gibson</marcx:subfield><marcx:subfield code="a">She's got you</marcx:subfield><marcx:subfield code="i">Hank Cochran</marcx:subfield><marcx:subfield code="a">Lovesick blues</marcx:subfield><marcx:subfield code="i">Mills, Friend</marcx:subfield><marcx:subfield code="a">Three cigarettes in an ashtray</marcx:subfield><marcx:subfield code="i">Stevenson, Miller</marcx:subfield><marcx:subfield code="a">I fall to pieces</marcx:subfield><marcx:subfield code="i">Halan Howard/Hank Cochran</marcx:subfield><marcx:subfield code="a">Patsy Cline medley</marcx:subfield><marcx:subfield code="7"> (</marcx:subfield><marcx:subfield code="a">If I could see the world</marcx:subfield><marcx:subfield code="i">Sammy Masters/Richard Pope/Tex Satterwhite</marcx:subfield><marcx:subfield code="a">Back in baby's arms</marcx:subfield><marcx:subfield code="i">Bob Montgomery</marcx:subfield><marcx:subfield code="a">Honky tonk merry go round</marcx:subfield><marcx:subfield code="i">Gardner/Simon</marcx:subfield><marcx:subfield code="a">Blue moon of Kentucky</marcx:subfield><marcx:subfield code="i">Bill Monroe</marcx:subfield><marcx:subfield code="7">)</marcx:subfield></marcx:datafield><marcx:datafield tag="795" ind1="0" ind2="0"><marcx:subfield code="å">99</marcx:subfield><marcx:subfield code="y">0</marcx:subfield><marcx:subfield code="a">7 lonely days</marcx:subfield><marcx:subfield code="a">3 cigarettes in an ashtray</marcx:subfield></marcx:datafield><marcx:datafield tag="900" ind1="0" ind2="0"><marcx:subfield code="a">Nielsen</marcx:subfield><marcx:subfield code="h">Arvid</marcx:subfield><marcx:subfield code="z">700/2</marcx:subfield></marcx:datafield><marcx:datafield tag="990" ind1="0" ind2="0"><marcx:subfield code="a">SFG</marcx:subfield><marcx:subfield code="c">C</marcx:subfield><marcx:subfield code="o">200018</marcx:subfield><marcx:subfield code="t">19.05.00</marcx:subfield></marcx:datafield><marcx:datafield tag="996" ind1="0" ind2="0"><marcx:subfield code="a">DBC</marcx:subfield></marcx:datafield></marcx:record>