
<marcx:record format="danMARC2" type="Bibliographic" xmlns:marcx="info:lc/xmlns/marcxchange-v1"><marcx:leader>00000n    2200000   4500</marcx:leader><marcx:datafield tag="001" ind1="0" ind2="0"><marcx:subfield code="a">41977078</marcx:subfield><marcx:subfield code="b">191919</marcx:subfield><marcx:subfield code="c">19990510204243</marcx:subfield><marcx:subfield code="d">19990510</marcx:subfield><marcx:subfield code="f">a</marcx:subfield></marcx:datafield><marcx:datafield tag="002" ind1="0" ind2="0"><marcx:subfield code="b">736900</marcx:subfield><marcx:subfield code="c">90317083</marcx:subfield><marcx:subfield code="x">73690090317083</marcx:subfield></marcx:datafield><marcx:datafield tag="004" ind1="0" ind2="0"><marcx:subfield code="r">n</marcx:subfield><marcx:subfield code="a">e</marcx:subfield></marcx:datafield><marcx:datafield tag="008" ind1="0" ind2="0"><marcx:subfield code="t">s</marcx:subfield><marcx:subfield code="u">f</marcx:subfield><marcx:subfield code="a">1993</marcx:subfield><marcx:subfield code="b">us</marcx:subfield><marcx:subfield code="v">4</marcx:subfield></marcx:datafield><marcx:datafield tag="009" ind1="0" ind2="0"><marcx:subfield code="a">c</marcx:subfield><marcx:subfield code="g">xx</marcx:subfield></marcx:datafield><marcx:datafield tag="100" ind1="0" ind2="0"><marcx:subfield code="a">Aebersold</marcx:subfield><marcx:subfield code="h">Jamey</marcx:subfield></marcx:datafield><marcx:datafield tag="245" ind1="0" ind2="0"><marcx:subfield code="a">Tyrone Wheeler bass lines</marcx:subfield><marcx:subfield code="c">from volume 54 Maiden voyage play-a-long recording</marcx:subfield><marcx:subfield code="c">for bas med becifring</marcx:subfield><marcx:subfield code="e">Jamey Aebersold</marcx:subfield><marcx:subfield code="e">transcribed by Evan Barker</marcx:subfield></marcx:datafield><marcx:datafield tag="260" ind1="0" ind2="0"><marcx:subfield code="a">New Albany, Ind.</marcx:subfield><marcx:subfield code="b">Jamey Aebersold</marcx:subfield><marcx:subfield code="c">cop. 1993</marcx:subfield></marcx:datafield><marcx:datafield tag="300" ind1="0" ind2="0"><marcx:subfield code="a">28 sider</marcx:subfield></marcx:datafield><marcx:datafield tag="512" ind1="0" ind2="0"><marcx:subfield code="a">Exactly as recorded</marcx:subfield></marcx:datafield><marcx:datafield tag="526" ind1="0" ind2="0"><marcx:subfield code="a">Tyrone Wheelers basstemme til Jamey Aebersold: Maiden voyage</marcx:subfield></marcx:datafield><marcx:datafield tag="531" ind1="0" ind2="0"><marcx:subfield code="a">Indhold:</marcx:subfield></marcx:datafield><marcx:datafield tag="652" ind1="0" ind2="0"><marcx:subfield code="m">78.2</marcx:subfield></marcx:datafield><marcx:datafield tag="652" ind1="0" ind2="0"><marcx:subfield code="p">78.793</marcx:subfield></marcx:datafield><marcx:datafield tag="700" ind1="0" ind2="0"><marcx:subfield code="a">Barker</marcx:subfield><marcx:subfield code="h">Evan</marcx:subfield></marcx:datafield><marcx:datafield tag="700" ind1="0" ind2="0"><marcx:subfield code="a">Wheeler</marcx:subfield><marcx:subfield code="h">Tyrone</marcx:subfield></marcx:datafield><marcx:datafield tag="795" ind1="0" ind2="0"><marcx:subfield code="å">11</marcx:subfield><marcx:subfield code="a">Impressions</marcx:subfield><marcx:subfield code="a">Bb blues (Shuffle-time)</marcx:subfield><marcx:subfield code="a">Blue bossa</marcx:subfield><marcx:subfield code="a">Summertime</marcx:subfield><marcx:subfield code="a">Watermelon man</marcx:subfield><marcx:subfield code="a">Song for my father</marcx:subfield><marcx:subfield code="a">Satin doll</marcx:subfield><marcx:subfield code="a">Maiden voyage</marcx:subfield><marcx:subfield code="a">F blues (Tootsie)</marcx:subfield><marcx:subfield code="a">Cantaloupe Island</marcx:subfield><marcx:subfield code="a">Footprints</marcx:subfield><marcx:subfield code="a">Doxy</marcx:subfield><marcx:subfield code="a">Autumn leaves</marcx:subfield><marcx:subfield code="a">III/VI7/II/V7</marcx:subfield></marcx:datafield><marcx:datafield tag="795" ind1="0" ind2="0"><marcx:subfield code="å">40</marcx:subfield><marcx:subfield code="y">0</marcx:subfield><marcx:subfield code="a">Shuffle-time</marcx:subfield><marcx:subfield code="a">Tootsie</marcx:subfield></marcx:datafield><marcx:datafield tag="996" ind1="0" ind2="0"><marcx:subfield code="a">736900</marcx:subfield></marcx:datafield></marcx:record>