
<marcx:record format="danMARC2" type="Bibliographic" xmlns:marcx="info:lc/xmlns/marcxchange-v1"><marcx:leader>00000n    2200000   4500</marcx:leader><marcx:datafield tag="001" ind1="0" ind2="0"><marcx:subfield code="a">41976918</marcx:subfield><marcx:subfield code="b">191919</marcx:subfield><marcx:subfield code="c">19990510204106</marcx:subfield><marcx:subfield code="d">19990510</marcx:subfield><marcx:subfield code="f">a</marcx:subfield></marcx:datafield><marcx:datafield tag="002" ind1="0" ind2="0"><marcx:subfield code="b">736900</marcx:subfield><marcx:subfield code="c">90306847</marcx:subfield><marcx:subfield code="x">73690090306847</marcx:subfield></marcx:datafield><marcx:datafield tag="004" ind1="0" ind2="0"><marcx:subfield code="r">n</marcx:subfield><marcx:subfield code="a">e</marcx:subfield></marcx:datafield><marcx:datafield tag="008" ind1="0" ind2="0"><marcx:subfield code="t">s</marcx:subfield><marcx:subfield code="v">4</marcx:subfield></marcx:datafield><marcx:datafield tag="009" ind1="0" ind2="0"><marcx:subfield code="a">s</marcx:subfield><marcx:subfield code="g">xh</marcx:subfield></marcx:datafield><marcx:datafield tag="039" ind1="0" ind2="0"><marcx:subfield code="a">und</marcx:subfield></marcx:datafield><marcx:datafield tag="245" ind1="0" ind2="0"><marcx:subfield code="a">Les ¤Rois du musette</marcx:subfield><marcx:subfield code="c">"reine de musette"</marcx:subfield></marcx:datafield><marcx:datafield tag="260" ind1="0" ind2="0"><marcx:subfield code="b">Pathé</marcx:subfield></marcx:datafield><marcx:datafield tag="300" ind1="0" ind2="0"><marcx:subfield code="n">1 kassettebånd</marcx:subfield><marcx:subfield code="b">Dolby</marcx:subfield></marcx:datafield><marcx:datafield tag="512" ind1="0" ind2="0"><marcx:subfield code="a">Indspillet 1954-1971</marcx:subfield></marcx:datafield><marcx:datafield tag="531" ind1="0" ind2="0"><marcx:subfield code="a">Indhold:</marcx:subfield></marcx:datafield><marcx:datafield tag="538" ind1="0" ind2="0"><marcx:subfield code="f">Pathé</marcx:subfield><marcx:subfield code="g">2516974</marcx:subfield></marcx:datafield><marcx:datafield tag="652" ind1="0" ind2="0"><marcx:subfield code="m">78.797</marcx:subfield><marcx:subfield code="v">2</marcx:subfield></marcx:datafield><marcx:datafield tag="666" ind1="0" ind2="0"><marcx:subfield code="m">musettemusik</marcx:subfield><marcx:subfield code="n">harmonika</marcx:subfield><marcx:subfield code="n">accordeon</marcx:subfield><marcx:subfield code="n">instrumental</marcx:subfield><marcx:subfield code="p">1950-1959</marcx:subfield><marcx:subfield code="p">1960-1969</marcx:subfield><marcx:subfield code="p">1970-1979</marcx:subfield><marcx:subfield code="l">Frankrig</marcx:subfield></marcx:datafield><marcx:datafield tag="770" ind1="0" ind2="0"><marcx:subfield code="å">11</marcx:subfield><marcx:subfield code="a">Boisserie</marcx:subfield><marcx:subfield code="h">Raymond</marcx:subfield></marcx:datafield><marcx:datafield tag="770" ind1="0" ind2="0"><marcx:subfield code="å">12</marcx:subfield><marcx:subfield code="a">Horner</marcx:subfield><marcx:subfield code="h">Yvette</marcx:subfield></marcx:datafield><marcx:datafield tag="770" ind1="0" ind2="0"><marcx:subfield code="å">13</marcx:subfield><marcx:subfield code="a">Jouvin</marcx:subfield><marcx:subfield code="h">Georges</marcx:subfield></marcx:datafield><marcx:datafield tag="770" ind1="0" ind2="0"><marcx:subfield code="å">14</marcx:subfield><marcx:subfield code="a">Privat</marcx:subfield><marcx:subfield code="h">Jo</marcx:subfield></marcx:datafield><marcx:datafield tag="795" ind1="0" ind2="0"><marcx:subfield code="å">11</marcx:subfield><marcx:subfield code="a">Reine de musette</marcx:subfield><marcx:subfield code="a">La ¤paloma</marcx:subfield><marcx:subfield code="a">Les ¤triolets</marcx:subfield><marcx:subfield code="a">La ¤cumparsita</marcx:subfield><marcx:subfield code="a">Perles de cristal</marcx:subfield><marcx:subfield code="a">Valse des as</marcx:subfield></marcx:datafield><marcx:datafield tag="795" ind1="0" ind2="0"><marcx:subfield code="å">12</marcx:subfield><marcx:subfield code="a">Bourrasque</marcx:subfield><marcx:subfield code="a">Espana</marcx:subfield><marcx:subfield code="a">Réve d'accordéoniste</marcx:subfield><marcx:subfield code="a">Le ¤dénicheur</marcx:subfield><marcx:subfield code="a">El relicario</marcx:subfield><marcx:subfield code="a">Espana cani</marcx:subfield></marcx:datafield><marcx:datafield tag="795" ind1="0" ind2="0"><marcx:subfield code="å">13</marcx:subfield><marcx:subfield code="a">La ¤valse des lilas</marcx:subfield><marcx:subfield code="a">Roses de picardie</marcx:subfield><marcx:subfield code="a">C'est mon gigolo</marcx:subfield><marcx:subfield code="a">Plaisir d'amour</marcx:subfield><marcx:subfield code="a">Réver en dansant</marcx:subfield><marcx:subfield code="a">Trompette d'or</marcx:subfield></marcx:datafield><marcx:datafield tag="795" ind1="0" ind2="0"><marcx:subfield code="å">14</marcx:subfield><marcx:subfield code="a">Pot pourri (Balajo; Sous les ponts de Paris; Le tango des fauvettes; Boire un petit coup; Les gars de la marine; Le ¤plus beau tango du monde)</marcx:subfield></marcx:datafield><marcx:datafield tag="996" ind1="0" ind2="0"><marcx:subfield code="a">736900</marcx:subfield></marcx:datafield></marcx:record>