
<record xsi:schemaLocation="http://www.loc.gov/standards/iso25577/marcxchange-1-1.xsd" xmlns="info:lc/xmlns/marcxchange-v1" xmlns:xsi="http://www.w3.org/2001/XMLSchema-instance"><leader>00000n    2200000   4500</leader><datafield tag="001" ind1="0" ind2="0"><subfield code="a">45706591</subfield><subfield code="b">191919</subfield><subfield code="c">20150827151006</subfield><subfield code="d">20150820</subfield><subfield code="f">a</subfield></datafield><datafield tag="002" ind1="0" ind2="0"><subfield code="b">763000</subfield><subfield code="c">92048942</subfield><subfield code="x">76300092048942</subfield></datafield><datafield tag="004" ind1="0" ind2="0"><subfield code="r">c</subfield><subfield code="a">e</subfield></datafield><datafield tag="008" ind1="0" ind2="0"><subfield code="t">s</subfield><subfield code="u">f</subfield><subfield code="a">2011</subfield><subfield code="b">xx</subfield><subfield code="l">eng</subfield><subfield code="v">0</subfield></datafield><datafield tag="009" ind1="0" ind2="0"><subfield code="a">s</subfield><subfield code="g">xc</subfield></datafield><datafield tag="023" ind1="0" ind2="0"><subfield code="a">5060158732678</subfield></datafield><datafield tag="039" ind1="0" ind2="0"><subfield code="a">bef</subfield></datafield><datafield tag="100" ind1="0" ind2="0"><subfield code="a">MacDonald</subfield><subfield code="h">Amy</subfield></datafield><datafield tag="245" ind1="0" ind2="0"><subfield code="a">Love love UK &amp; European Arena Tour</subfield><subfield code="e">Amy Macdonald</subfield></datafield><datafield tag="260" ind1="0" ind2="0"><subfield code="b">Melodramatic</subfield><subfield code="b">Concert Live</subfield><subfield code="c">p 2011</subfield></datafield><datafield tag="300" ind1="0" ind2="0"><subfield code="n">3 cd'er</subfield></datafield><datafield tag="531" ind1="0" ind2="0"><subfield code="a">Indhold:</subfield></datafield><datafield tag="538" ind1="0" ind2="0"><subfield code="f">Concert Live</subfield><subfield code="g">CLCD315</subfield></datafield><datafield tag="652" ind1="0" ind2="0"><subfield code="m">78.794</subfield><subfield code="v">5</subfield></datafield><datafield tag="666" ind1="0" ind2="0"><subfield code="m">rock</subfield><subfield code="m">pop</subfield><subfield code="m">singer/songwriter</subfield><subfield code="n">vokal</subfield><subfield code="p">2010-2019</subfield><subfield code="l">Skotland</subfield></datafield><datafield tag="795" ind1="0" ind2="0"><subfield code="å">11</subfield><subfield code="a">Ordinary life</subfield></datafield><datafield tag="795" ind1="0" ind2="0"><subfield code="å">12</subfield><subfield code="a">Poison prince</subfield></datafield><datafield tag="795" ind1="0" ind2="0"><subfield code="å">13</subfield><subfield code="a">Love love</subfield></datafield><datafield tag="795" ind1="0" ind2="0"><subfield code="å">14</subfield><subfield code="a">Mr Rock and Roll</subfield></datafield><datafield tag="795" ind1="0" ind2="0"><subfield code="å">15</subfield><subfield code="a">Footballers wife</subfield></datafield><datafield tag="795" ind1="0" ind2="0"><subfield code="å">16</subfield><subfield code="a">Spark</subfield></datafield><datafield tag="795" ind1="0" ind2="0"><subfield code="å">17</subfield><subfield code="a">LA</subfield></datafield><datafield tag="795" ind1="0" ind2="0"><subfield code="å">18</subfield><subfield code="a">Youth of today</subfield></datafield><datafield tag="795" ind1="0" ind2="0"><subfield code="å">19</subfield><subfield code="a">Pretty face</subfield></datafield><datafield tag="795" ind1="0" ind2="0"><subfield code="å">20</subfield><subfield code="a">Don't tell me its over</subfield></datafield><datafield tag="795" ind1="0" ind2="0"><subfield code="å">21</subfield><subfield code="a">Troubled soul</subfield></datafield><datafield tag="795" ind1="0" ind2="0"><subfield code="å">22</subfield><subfield code="a">Give it all up</subfield></datafield><datafield tag="795" ind1="0" ind2="0"><subfield code="å">23</subfield><subfield code="a">Next big thing</subfield></datafield><datafield tag="795" ind1="0" ind2="0"><subfield code="å">24</subfield><subfield code="a">No roots</subfield></datafield><datafield tag="795" ind1="0" ind2="0"><subfield code="å">25</subfield><subfield code="a">Run</subfield></datafield><datafield tag="795" ind1="0" ind2="0"><subfield code="å">26</subfield><subfield code="a">This is the life</subfield></datafield><datafield tag="795" ind1="0" ind2="0"><subfield code="å">27</subfield><subfield code="a">What happiness means to me</subfield></datafield><datafield tag="795" ind1="0" ind2="0"><subfield code="å">28</subfield><subfield code="a">Born to run</subfield></datafield><datafield tag="795" ind1="0" ind2="0"><subfield code="å">29</subfield><subfield code="a">Let's start a band</subfield></datafield><datafield tag="996" ind1="0" ind2="0"><subfield code="a">763000</subfield></datafield></record>