
<record xsi:schemaLocation="http://www.loc.gov/standards/iso25577/marcxchange-1-1.xsd" xmlns="info:lc/xmlns/marcxchange-v1" xmlns:xsi="http://www.w3.org/2001/XMLSchema-instance"><leader>00000n    2200000   4500</leader><datafield tag="001" ind1="0" ind2="0"><subfield code="a">45706605</subfield><subfield code="b">191919</subfield><subfield code="c">20150827151119</subfield><subfield code="d">20150826</subfield><subfield code="f">a</subfield></datafield><datafield tag="002" ind1="0" ind2="0"><subfield code="b">736000</subfield><subfield code="c">93592964</subfield><subfield code="x">73600093592964</subfield></datafield><datafield tag="004" ind1="0" ind2="0"><subfield code="r">n</subfield><subfield code="a">e</subfield></datafield><datafield tag="008" ind1="0" ind2="0"><subfield code="t">m</subfield><subfield code="u">f</subfield><subfield code="a">1990</subfield><subfield code="b">au</subfield><subfield code="d">y</subfield><subfield code="l">eng</subfield><subfield code="v">0</subfield></datafield><datafield tag="009" ind1="0" ind2="0"><subfield code="a">a</subfield><subfield code="g">xx</subfield></datafield><datafield tag="021" ind1="0" ind2="0"><subfield code="a">0-86777-429-0</subfield></datafield><datafield tag="100" ind1="0" ind2="0"><subfield code="a">Taylor</subfield><subfield code="h">Peter</subfield><subfield code="4">aut</subfield></datafield><datafield tag="245" ind1="0" ind2="0"><subfield code="a">The ¤atlas of Australian history</subfield></datafield><datafield tag="260" ind1="0" ind2="0"><subfield code="a">Frenchs Forest</subfield><subfield code="b">Child &amp; Associates</subfield><subfield code="c">1990</subfield></datafield><datafield tag="300" ind1="0" ind2="0"><subfield code="a">200 sider</subfield><subfield code="b">ill.</subfield><subfield code="c">34 cm.</subfield></datafield><datafield tag="652" ind1="0" ind2="0"><subfield code="m">98.91</subfield></datafield><datafield tag="666" ind1="0" ind2="0"><subfield code="e">Australien</subfield></datafield><datafield tag="666" ind1="0" ind2="0"><subfield code="f">historie</subfield></datafield><datafield tag="700" ind1="0" ind2="0"><subfield code="a">Taylor</subfield><subfield code="h">Marie-Louise</subfield><subfield code="4">edt</subfield></datafield><datafield tag="700" ind1="0" ind2="0"><subfield code="a">Olds</subfield><subfield code="h">Margaret</subfield><subfield code="4">edt</subfield></datafield><datafield tag="700" ind1="0" ind2="0"><subfield code="a">Etherington</subfield><subfield code="h">Kate</subfield><subfield code="4">edt</subfield></datafield><datafield tag="996" ind1="0" ind2="0"><subfield code="a">736000</subfield></datafield></record>