
<marcx:record format="danMARC2" type="Bibliographic" xmlns:marcx="info:lc/xmlns/marcxchange-v1"><marcx:leader>00000n    2200000   4500</marcx:leader><marcx:datafield tag="001" ind1="0" ind2="0"><marcx:subfield code="a">22371614</marcx:subfield><marcx:subfield code="b">191919</marcx:subfield><marcx:subfield code="c">19990415113356</marcx:subfield><marcx:subfield code="d">19990216</marcx:subfield><marcx:subfield code="f">a</marcx:subfield></marcx:datafield><marcx:datafield tag="004" ind1="0" ind2="0"><marcx:subfield code="r">n</marcx:subfield><marcx:subfield code="a">e</marcx:subfield></marcx:datafield><marcx:datafield tag="008" ind1="0" ind2="0"><marcx:subfield code="t">m</marcx:subfield><marcx:subfield code="u">f</marcx:subfield><marcx:subfield code="a">1999</marcx:subfield><marcx:subfield code="b">gb</marcx:subfield><marcx:subfield code="l">eng</marcx:subfield><marcx:subfield code="v">0</marcx:subfield></marcx:datafield><marcx:datafield tag="009" ind1="0" ind2="0"><marcx:subfield code="a">t</marcx:subfield><marcx:subfield code="g">tb</marcx:subfield></marcx:datafield><marcx:datafield tag="021" ind1="0" ind2="0"><marcx:subfield code="a">1-900127-65-2</marcx:subfield></marcx:datafield><marcx:datafield tag="021" ind1="0" ind2="0"><marcx:subfield code="d">Kr. 275,00</marcx:subfield><marcx:subfield code="b">til udlån</marcx:subfield><marcx:subfield code="b">IBC</marcx:subfield></marcx:datafield><marcx:datafield tag="021" ind1="0" ind2="0"><marcx:subfield code="d">Kr. 225,00</marcx:subfield><marcx:subfield code="b">til udlån</marcx:subfield><marcx:subfield code="b">DBC</marcx:subfield><marcx:subfield code="n">09891578</marcx:subfield></marcx:datafield><marcx:datafield tag="032" ind1="0" ind2="0"><marcx:subfield code="x">UTI199908</marcx:subfield><marcx:subfield code="x">CDR199910</marcx:subfield><marcx:subfield code="x">DAT199912</marcx:subfield></marcx:datafield><marcx:datafield tag="245" ind1="0" ind2="0"><marcx:subfield code="a">The ¤history of life</marcx:subfield></marcx:datafield><marcx:datafield tag="260" ind1="0" ind2="0"><marcx:subfield code="a">Watlington, Oxon</marcx:subfield><marcx:subfield code="b">Ransom</marcx:subfield><marcx:subfield code="f">[Ballerup]</marcx:subfield><marcx:subfield code="g">[eksp. Indbindingscentralen]</marcx:subfield><marcx:subfield code="g">[samt eksp. DBC medier]</marcx:subfield><marcx:subfield code="c">1999</marcx:subfield></marcx:datafield><marcx:datafield tag="300" ind1="0" ind2="0"><marcx:subfield code="n">1 cd-rom</marcx:subfield><marcx:subfield code="b">lyd, farve</marcx:subfield><marcx:subfield code="d">1 vejledning</marcx:subfield></marcx:datafield><marcx:datafield tag="501" ind1="0" ind2="0"><marcx:subfield code="a">Pc, 486DX; 8 MB ram; Windows 3.1 eller Windows 95; SVGA-skærm;2× cd-rom drev; lydkort ; højttalere</marcx:subfield></marcx:datafield><marcx:datafield tag="505" ind1="0" ind2="0"><marcx:subfield code="&amp;">1</marcx:subfield><marcx:subfield code="a">Interaktivt multimedieprogram</marcx:subfield></marcx:datafield><marcx:datafield tag="512" ind1="0" ind2="0"><marcx:subfield code="a">Titlen hentet fra cd-rometiket</marcx:subfield></marcx:datafield><marcx:datafield tag="512" ind1="0" ind2="0"><marcx:subfield code="a">På omslag og emballage: Explore the important questions in life  and find out where we came from!</marcx:subfield></marcx:datafield><marcx:datafield tag="652" ind1="0" ind2="0"><marcx:subfield code="m">79.41</marcx:subfield></marcx:datafield><marcx:datafield tag="996" ind1="0" ind2="0"><marcx:subfield code="a">DBC</marcx:subfield></marcx:datafield></marcx:record>