
<record xsi:schemaLocation="http://www.loc.gov/standards/iso25577/marcxchange-1-1.xsd" xmlns="info:lc/xmlns/marcxchange-v1" xmlns:xsi="http://www.w3.org/2001/XMLSchema-instance"><leader>00000n    2200000   4500</leader><datafield tag="001" ind1="0" ind2="0"><subfield code="a">45706613</subfield><subfield code="b">191919</subfield><subfield code="c">20150827151120</subfield><subfield code="d">20150826</subfield><subfield code="f">a</subfield></datafield><datafield tag="002" ind1="0" ind2="0"><subfield code="b">736000</subfield><subfield code="c">93592883</subfield><subfield code="x">73600093592883</subfield></datafield><datafield tag="004" ind1="0" ind2="0"><subfield code="r">n</subfield><subfield code="a">e</subfield></datafield><datafield tag="008" ind1="0" ind2="0"><subfield code="t">m</subfield><subfield code="u">f</subfield><subfield code="a">1991</subfield><subfield code="b">gb</subfield><subfield code="d">x</subfield><subfield code="l">eng</subfield><subfield code="o">b</subfield><subfield code="v">0</subfield></datafield><datafield tag="009" ind1="0" ind2="0"><subfield code="a">a</subfield><subfield code="g">xx</subfield></datafield><datafield tag="021" ind1="0" ind2="0"><subfield code="a">0-7136-3368-9</subfield></datafield><datafield tag="100" ind1="0" ind2="0"><subfield code="a">Rouer</subfield><subfield code="h">Beatrice</subfield><subfield code="4">aut</subfield></datafield><datafield tag="241" ind1="0" ind2="0"><subfield code="i">Engelsk version af:</subfield><subfield code="a">t'es plus ma copine!</subfield></datafield><datafield tag="245" ind1="0" ind2="0"><subfield code="a">The ¤red glasses</subfield></datafield><datafield tag="260" ind1="0" ind2="0"><subfield code="a">London</subfield><subfield code="b">A &amp; C Black</subfield><subfield code="c">1991</subfield></datafield><datafield tag="300" ind1="0" ind2="0"><subfield code="a">27 sider</subfield><subfield code="b">ill.</subfield></datafield><datafield tag="652" ind1="0" ind2="0"><subfield code="m">sk</subfield></datafield><datafield tag="700" ind1="0" ind2="0"><subfield code="a">Rosy</subfield><subfield code="4">ill</subfield></datafield><datafield tag="996" ind1="0" ind2="0"><subfield code="a">736000</subfield></datafield></record>