
<record xsi:schemaLocation="http://www.loc.gov/standards/iso25577/marcxchange-1-1.xsd" xmlns="info:lc/xmlns/marcxchange-v1" xmlns:xsi="http://www.w3.org/2001/XMLSchema-instance"><leader>00000n    2200000   4500</leader><datafield tag="001" ind1="0" ind2="0"><subfield code="a">45706621</subfield><subfield code="b">191919</subfield><subfield code="c">20150827151120</subfield><subfield code="d">20150825</subfield><subfield code="f">a</subfield></datafield><datafield tag="002" ind1="0" ind2="0"><subfield code="b">736000</subfield><subfield code="c">93592565</subfield><subfield code="x">73600093592565</subfield></datafield><datafield tag="004" ind1="0" ind2="0"><subfield code="r">n</subfield><subfield code="a">e</subfield></datafield><datafield tag="008" ind1="0" ind2="0"><subfield code="t">m</subfield><subfield code="u">f</subfield><subfield code="a">1966</subfield><subfield code="b">fr</subfield><subfield code="d">y</subfield><subfield code="l">fre</subfield><subfield code="v">0</subfield></datafield><datafield tag="009" ind1="0" ind2="0"><subfield code="a">a</subfield><subfield code="g">xx</subfield></datafield><datafield tag="100" ind1="0" ind2="0"><subfield code="a">Parmelin</subfield><subfield code="h">Hélène</subfield><subfield code="4">aut</subfield></datafield><datafield tag="245" ind1="0" ind2="0"><subfield code="a">Picasso</subfield><subfield code="c">notre dame de vie</subfield></datafield><datafield tag="260" ind1="0" ind2="0"><subfield code="a">Paris</subfield><subfield code="b">Éditions cercle c'art</subfield><subfield code="c">1966</subfield></datafield><datafield tag="300" ind1="0" ind2="0"><subfield code="a">189 sider</subfield><subfield code="b">ill.</subfield></datafield><datafield tag="440" ind1="0" ind2="0"><subfield code="a">Secrets d'alcôve d'un atelier</subfield></datafield><datafield tag="600" ind1="0" ind2="0"><subfield code="a">Picasso</subfield><subfield code="h">[Pablo]</subfield></datafield><datafield tag="652" ind1="0" ind2="0"><subfield code="m">72</subfield><subfield code="a">Picasso</subfield><subfield code="h">[Pablo]</subfield></datafield><datafield tag="666" ind1="0" ind2="0"><subfield code="f">kunst</subfield></datafield><datafield tag="666" ind1="0" ind2="0"><subfield code="f">kunstværker</subfield></datafield><datafield tag="996" ind1="0" ind2="0"><subfield code="a">736000</subfield></datafield></record>