
<marcx:record format="danMARC2" type="Bibliographic" xmlns:marcx="info:lc/xmlns/marcxchange-v1"><marcx:leader>00000n    2200000   4500</marcx:leader><marcx:datafield tag="001" ind1="0" ind2="0"><marcx:subfield code="a">41978627</marcx:subfield><marcx:subfield code="b">191919</marcx:subfield><marcx:subfield code="c">19990510210253</marcx:subfield><marcx:subfield code="d">19990510</marcx:subfield><marcx:subfield code="f">a</marcx:subfield></marcx:datafield><marcx:datafield tag="002" ind1="0" ind2="0"><marcx:subfield code="b">762100</marcx:subfield><marcx:subfield code="c">90264990</marcx:subfield><marcx:subfield code="x">76210090264990</marcx:subfield></marcx:datafield><marcx:datafield tag="004" ind1="0" ind2="0"><marcx:subfield code="r">n</marcx:subfield><marcx:subfield code="a">e</marcx:subfield></marcx:datafield><marcx:datafield tag="008" ind1="0" ind2="0"><marcx:subfield code="t">p</marcx:subfield><marcx:subfield code="u">c</marcx:subfield><marcx:subfield code="a">1998</marcx:subfield><marcx:subfield code="b">dk</marcx:subfield><marcx:subfield code="h">p</marcx:subfield><marcx:subfield code="l">dan</marcx:subfield><marcx:subfield code="v">0</marcx:subfield></marcx:datafield><marcx:datafield tag="009" ind1="0" ind2="0"><marcx:subfield code="a">a</marcx:subfield><marcx:subfield code="g">xx</marcx:subfield></marcx:datafield><marcx:datafield tag="245" ind1="0" ind2="0"><marcx:subfield code="a">Rosen bladet</marcx:subfield><marcx:subfield code="c">medlemsblad for socialdemokraterne i Kolding Kommune</marcx:subfield></marcx:datafield><marcx:datafield tag="260" ind1="0" ind2="0"><marcx:subfield code="a">Kolding</marcx:subfield><marcx:subfield code="d">Peter Olesen, Ahornvej 5, 6000</marcx:subfield><marcx:subfield code="b">Socialdemokratiet i Kolding</marcx:subfield><marcx:subfield code="c">1998-</marcx:subfield></marcx:datafield><marcx:datafield tag="505" ind1="0" ind2="0"><marcx:subfield code="a">Tidsskrift</marcx:subfield></marcx:datafield><marcx:datafield tag="512" ind1="0" ind2="0"><marcx:subfield code="a">De Socialdemokratiske Partiforeninger i Alminde-Viuf, Kolding og Sdr. Stenderup</marcx:subfield></marcx:datafield><marcx:datafield tag="652" ind1="0" ind2="0"><marcx:subfield code="m">32.261</marcx:subfield></marcx:datafield><marcx:datafield tag="652" ind1="0" ind2="0"><marcx:subfield code="p">46.4</marcx:subfield><marcx:subfield code="b">Kolding</marcx:subfield></marcx:datafield><marcx:datafield tag="710" ind1="0" ind2="0"><marcx:subfield code="s">Socialdemokratiet</marcx:subfield><marcx:subfield code="e">Kolding</marcx:subfield></marcx:datafield><marcx:datafield tag="745" ind1="0" ind2="0"><marcx:subfield code="o">senbladet</marcx:subfield></marcx:datafield><marcx:datafield tag="996" ind1="0" ind2="0"><marcx:subfield code="a">762100</marcx:subfield></marcx:datafield></marcx:record>