
<record xsi:schemaLocation="http://www.loc.gov/standards/iso25577/marcxchange-1-1.xsd" xmlns="info:lc/xmlns/marcxchange-v1" xmlns:xsi="http://www.w3.org/2001/XMLSchema-instance"><leader>00000n    2200000   4500</leader><datafield tag="001" ind1="0" ind2="0"><subfield code="a">45706648</subfield><subfield code="b">191919</subfield><subfield code="c">20150827151125</subfield><subfield code="d">20150825</subfield><subfield code="f">a</subfield></datafield><datafield tag="002" ind1="0" ind2="0"><subfield code="b">736000</subfield><subfield code="c">93592506</subfield><subfield code="x">73600093592506</subfield></datafield><datafield tag="004" ind1="0" ind2="0"><subfield code="r">n</subfield><subfield code="a">e</subfield></datafield><datafield tag="008" ind1="0" ind2="0"><subfield code="t">m</subfield><subfield code="u">f</subfield><subfield code="a">1992</subfield><subfield code="b">gb</subfield><subfield code="d">y</subfield><subfield code="l">eng</subfield><subfield code="v">0</subfield></datafield><datafield tag="009" ind1="0" ind2="0"><subfield code="a">a</subfield><subfield code="g">xx</subfield></datafield><datafield tag="021" ind1="0" ind2="0"><subfield code="a">0-415-07247-6</subfield></datafield><datafield tag="245" ind1="0" ind2="0"><subfield code="a">British political history 1867-1990</subfield><subfield code="c">democracy and decline</subfield></datafield><datafield tag="260" ind1="0" ind2="0"><subfield code="a">London</subfield><subfield code="b">Routledge</subfield><subfield code="c">1992</subfield></datafield><datafield tag="300" ind1="0" ind2="0"><subfield code="a">613 sider</subfield><subfield code="b">ill.</subfield></datafield><datafield tag="532" ind1="0" ind2="0"><subfield code="a">Bibliography</subfield></datafield><datafield tag="652" ind1="0" ind2="0"><subfield code="m">32.23</subfield></datafield><datafield tag="666" ind1="0" ind2="0"><subfield code="e">Storbritannien</subfield></datafield><datafield tag="666" ind1="0" ind2="0"><subfield code="f">politik</subfield></datafield><datafield tag="666" ind1="0" ind2="0"><subfield code="f">historie</subfield></datafield><datafield tag="700" ind1="0" ind2="0"><subfield code="a">Pearce</subfield><subfield code="h">Malcolm</subfield><subfield code="4">aut</subfield></datafield><datafield tag="700" ind1="0" ind2="0"><subfield code="a">Stewart</subfield><subfield code="h">Geoffrey</subfield><subfield code="4">aut</subfield></datafield><datafield tag="996" ind1="0" ind2="0"><subfield code="a">736000</subfield></datafield></record>