
<record xsi:schemaLocation="http://www.loc.gov/standards/iso25577/marcxchange-1-1.xsd" xmlns="info:lc/xmlns/marcxchange-v1" xmlns:xsi="http://www.w3.org/2001/XMLSchema-instance"><leader>00000n    2200000   4500</leader><datafield tag="001" ind1="0" ind2="0"><subfield code="a">45706656</subfield><subfield code="b">191919</subfield><subfield code="c">20150827151126</subfield><subfield code="d">20150825</subfield><subfield code="f">a</subfield></datafield><datafield tag="002" ind1="0" ind2="0"><subfield code="b">736000</subfield><subfield code="c">93592395</subfield><subfield code="x">73600093592395</subfield></datafield><datafield tag="004" ind1="0" ind2="0"><subfield code="r">n</subfield><subfield code="a">e</subfield></datafield><datafield tag="008" ind1="0" ind2="0"><subfield code="t">m</subfield><subfield code="u">f</subfield><subfield code="a">1989</subfield><subfield code="b">de</subfield><subfield code="d">x</subfield><subfield code="l">ger</subfield><subfield code="v">0</subfield></datafield><datafield tag="009" ind1="0" ind2="0"><subfield code="a">a</subfield><subfield code="g">xx</subfield></datafield><datafield tag="100" ind1="0" ind2="0"><subfield code="a">Rönckendorff</subfield><subfield code="h">Edda</subfield><subfield code="4">aut</subfield></datafield><datafield tag="245" ind1="0" ind2="0"><subfield code="a">Der ¤Nebelmann</subfield></datafield><datafield tag="260" ind1="0" ind2="0"><subfield code="a">München</subfield><subfield code="b">Scherz</subfield><subfield code="c">1989</subfield></datafield><datafield tag="300" ind1="0" ind2="0"><subfield code="a">284 sider</subfield></datafield><datafield tag="504" ind1="0" ind2="0"><subfield code="a">Die zufällige Bekanntschaft mit einem alten Ehepaar führt den verwitweten und vereinsamten Stephan Pfändler aus seiner Isolation und macht ihn offen für eine neue Liebe.</subfield></datafield><datafield tag="652" ind1="0" ind2="0"><subfield code="m">84</subfield></datafield><datafield tag="996" ind1="0" ind2="0"><subfield code="a">736000</subfield></datafield></record>