
<record xsi:schemaLocation="http://www.loc.gov/standards/iso25577/marcxchange-1-1.xsd" xmlns="info:lc/xmlns/marcxchange-v1" xmlns:xsi="http://www.w3.org/2001/XMLSchema-instance"><leader>00000n    2200000   4500</leader><datafield tag="001" ind1="0" ind2="0"><subfield code="a">45706664</subfield><subfield code="b">191919</subfield><subfield code="c">20150827151131</subfield><subfield code="d">20150824</subfield><subfield code="f">a</subfield></datafield><datafield tag="002" ind1="0" ind2="0"><subfield code="b">736000</subfield><subfield code="c">93592166</subfield><subfield code="x">73600093592166</subfield></datafield><datafield tag="004" ind1="0" ind2="0"><subfield code="r">n</subfield><subfield code="a">e</subfield></datafield><datafield tag="008" ind1="0" ind2="0"><subfield code="t">m</subfield><subfield code="u">f</subfield><subfield code="a">1990</subfield><subfield code="b">us</subfield><subfield code="d">y</subfield><subfield code="l">eng</subfield><subfield code="v">0</subfield></datafield><datafield tag="009" ind1="0" ind2="0"><subfield code="a">a</subfield><subfield code="g">xx</subfield></datafield><datafield tag="021" ind1="0" ind2="0"><subfield code="a">0-517-02217-6</subfield></datafield><datafield tag="100" ind1="0" ind2="0"><subfield code="a">Petrie</subfield><subfield code="h">Flinders</subfield><subfield code="4">aut</subfield></datafield><datafield tag="245" ind1="0" ind2="0"><subfield code="a">Decorative patterns of the ancient world</subfield></datafield><datafield tag="260" ind1="0" ind2="0"><subfield code="a">New York</subfield><subfield code="b">Crescent Books</subfield><subfield code="c">1990</subfield></datafield><datafield tag="300" ind1="0" ind2="0"><subfield code="a">16, LXXXVII sider</subfield><subfield code="b">ill.</subfield></datafield><datafield tag="520" ind1="0" ind2="0"><subfield code="a">Originaludgave: 1930</subfield></datafield><datafield tag="652" ind1="0" ind2="0"><subfield code="m">76.1</subfield></datafield><datafield tag="652" ind1="0" ind2="0"><subfield code="p">91.1</subfield></datafield><datafield tag="652" ind1="0" ind2="0"><subfield code="p">91.2</subfield></datafield><datafield tag="666" ind1="0" ind2="0"><subfield code="f">mønstre</subfield></datafield><datafield tag="666" ind1="0" ind2="0"><subfield code="f">dekoration</subfield></datafield><datafield tag="666" ind1="0" ind2="0"><subfield code="f">antikken</subfield></datafield><datafield tag="996" ind1="0" ind2="0"><subfield code="a">736000</subfield></datafield></record>