
<marcx:record format="danMARC2" type="Bibliographic" xmlns:marcx="info:lc/xmlns/marcxchange-v1"><marcx:leader>00000n    2200000   4500</marcx:leader><marcx:datafield tag="001" ind1="0" ind2="0"><marcx:subfield code="a">22372246</marcx:subfield><marcx:subfield code="b">191919</marcx:subfield><marcx:subfield code="c">19990518030404</marcx:subfield><marcx:subfield code="d">19990216</marcx:subfield><marcx:subfield code="f">a</marcx:subfield></marcx:datafield><marcx:datafield tag="004" ind1="0" ind2="0"><marcx:subfield code="r">n</marcx:subfield><marcx:subfield code="a">e</marcx:subfield></marcx:datafield><marcx:datafield tag="005" ind1="0" ind2="0"><marcx:subfield code="z">p</marcx:subfield></marcx:datafield><marcx:datafield tag="008" ind1="0" ind2="0"><marcx:subfield code="t">m</marcx:subfield><marcx:subfield code="u">f</marcx:subfield><marcx:subfield code="a">1999</marcx:subfield><marcx:subfield code="b">dk</marcx:subfield><marcx:subfield code="j">f</marcx:subfield><marcx:subfield code="l">dan</marcx:subfield><marcx:subfield code="v">0</marcx:subfield></marcx:datafield><marcx:datafield tag="009" ind1="0" ind2="0"><marcx:subfield code="a">r</marcx:subfield><marcx:subfield code="g">xh</marcx:subfield></marcx:datafield><marcx:datafield tag="021" ind1="0" ind2="0"><marcx:subfield code="d">Kr. 1050,00</marcx:subfield></marcx:datafield><marcx:datafield tag="032" ind1="0" ind2="0"><marcx:subfield code="a">DLF199910</marcx:subfield><marcx:subfield code="x">BØK199902</marcx:subfield><marcx:subfield code="x">SKO200001</marcx:subfield><marcx:subfield code="x">SFA199910</marcx:subfield></marcx:datafield><marcx:datafield tag="100" ind1="0" ind2="0"><marcx:subfield code="0"/><marcx:subfield code="a">Jürgensen</marcx:subfield><marcx:subfield code="h">Dennis</marcx:subfield></marcx:datafield><marcx:datafield tag="245" ind1="0" ind2="0"><marcx:subfield code="a">Hår(d)</marcx:subfield><marcx:subfield code="e">Dennis Jürgensen</marcx:subfield><marcx:subfield code="e">indlæst af Torben Sekov</marcx:subfield></marcx:datafield><marcx:datafield tag="260" ind1="0" ind2="0"><marcx:subfield code="a">[Ruds-Vedby]</marcx:subfield><marcx:subfield code="b">Foxvox</marcx:subfield><marcx:subfield code="c">1999</marcx:subfield></marcx:datafield><marcx:datafield tag="300" ind1="0" ind2="0"><marcx:subfield code="n">6 kassettebånd i 1 mappe</marcx:subfield><marcx:subfield code="l">ca. 4 t., 47 min.</marcx:subfield></marcx:datafield><marcx:datafield tag="504" ind1="0" ind2="0"><marcx:subfield code="&amp;">1</marcx:subfield><marcx:subfield code="a">Den 27-årige Birger har et stort problem. Han er blevet skaldet i en ung alder, og han tror også, at han er impotent. Hans unge og søde underbo Sally prøver at hjælpe ham</marcx:subfield></marcx:datafield><marcx:datafield tag="517" ind1="0" ind2="0"><marcx:subfield code="&amp;">1</marcx:subfield><marcx:subfield code="a">Fra 15 år</marcx:subfield></marcx:datafield><marcx:datafield tag="520" ind1="0" ind2="0"><marcx:subfield code="&amp;">1</marcx:subfield><marcx:subfield code="a">Bogens originaludgave: 1999</marcx:subfield></marcx:datafield><marcx:datafield tag="520" ind1="0" ind2="0"><marcx:subfield code="a">Gengivelse af bogen</marcx:subfield></marcx:datafield><marcx:datafield tag="520" ind1="0" ind2="0"><marcx:subfield code="a">Indlæst efter udgaven: Ruds-Vedby : Tellerup, 1999</marcx:subfield></marcx:datafield><marcx:datafield tag="652" ind1="0" ind2="0"><marcx:subfield code="n">86</marcx:subfield><marcx:subfield code="z">096</marcx:subfield></marcx:datafield><marcx:datafield tag="652" ind1="0" ind2="0"><marcx:subfield code="o">sk</marcx:subfield></marcx:datafield><marcx:datafield tag="666" ind1="0" ind2="0"><marcx:subfield code="0"/><marcx:subfield code="s">sjove bøger</marcx:subfield></marcx:datafield><marcx:datafield tag="666" ind1="0" ind2="0"><marcx:subfield code="0"/><marcx:subfield code="s">unge</marcx:subfield></marcx:datafield><marcx:datafield tag="666" ind1="0" ind2="0"><marcx:subfield code="0"/><marcx:subfield code="s">identitet</marcx:subfield></marcx:datafield><marcx:datafield tag="666" ind1="0" ind2="0"><marcx:subfield code="0"/><marcx:subfield code="s">selvværd</marcx:subfield></marcx:datafield><marcx:datafield tag="700" ind1="0" ind2="0"><marcx:subfield code="0"/><marcx:subfield code="a">Sekov</marcx:subfield><marcx:subfield code="h">Torben</marcx:subfield></marcx:datafield><marcx:datafield tag="990" ind1="0" ind2="0"><marcx:subfield code="a">SFA</marcx:subfield><marcx:subfield code="b">F</marcx:subfield><marcx:subfield code="b">S</marcx:subfield><marcx:subfield code="b">B</marcx:subfield><marcx:subfield code="o">199910</marcx:subfield></marcx:datafield><marcx:datafield tag="991" ind1="0" ind2="0"><marcx:subfield code="o">Bogen optaget i BS-fortegnelse 199908 (2 236 450 2)</marcx:subfield></marcx:datafield><marcx:datafield tag="996" ind1="0" ind2="0"><marcx:subfield code="a">DBC</marcx:subfield></marcx:datafield></marcx:record>