
<record xsi:schemaLocation="http://www.loc.gov/standards/iso25577/marcxchange-1-1.xsd" xmlns="info:lc/xmlns/marcxchange-v1" xmlns:xsi="http://www.w3.org/2001/XMLSchema-instance"><leader>00000n    2200000   4500</leader><datafield tag="001" ind1="0" ind2="0"><subfield code="a">45706672</subfield><subfield code="b">191919</subfield><subfield code="c">20150827151233</subfield><subfield code="d">20000912</subfield><subfield code="f">a</subfield></datafield><datafield tag="002" ind1="0" ind2="0"><subfield code="b">773000</subfield><subfield code="c">90034871</subfield><subfield code="x">77300090034871</subfield></datafield><datafield tag="004" ind1="0" ind2="0"><subfield code="r">c</subfield><subfield code="a">e</subfield></datafield><datafield tag="008" ind1="0" ind2="0"><subfield code="t">m</subfield><subfield code="a">1999</subfield><subfield code="v">0</subfield><subfield code="b">gb</subfield><subfield code="l">eng</subfield></datafield><datafield tag="009" ind1="0" ind2="0"><subfield code="a">a</subfield><subfield code="g">xx</subfield></datafield><datafield tag="021" ind1="0" ind2="0"><subfield code="a">0-7509-2104-8</subfield></datafield><datafield tag="100" ind1="0" ind2="0"><subfield code="a">Foss</subfield><subfield code="h">Clive</subfield></datafield><datafield tag="245" ind1="0" ind2="0"><subfield code="a">Juan &amp; Eva Perón</subfield><subfield code="e">Clive Foss</subfield></datafield><datafield tag="260" ind1="0" ind2="0"><subfield code="a">Stroud</subfield><subfield code="b">Sutton</subfield><subfield code="c">1999</subfield></datafield><datafield tag="300" ind1="0" ind2="0"><subfield code="a">xiv, 111 sider</subfield><subfield code="c">20cm</subfield><subfield code="b">ill.</subfield></datafield><datafield tag="440" ind1="0" ind2="0"><subfield code="a">Sutton pocket biographies</subfield></datafield><datafield tag="520" ind1="0" ind2="0"><subfield code="a">Originaludgave: 1999</subfield></datafield><datafield tag="600" ind1="0" ind2="0"><subfield code="a">Perón</subfield><subfield code="h">Juan Domingo</subfield><subfield code="c">1895-1974</subfield></datafield><datafield tag="600" ind1="0" ind2="0"><subfield code="a">Perón</subfield><subfield code="h">Eva</subfield><subfield code="c">1919-1952</subfield></datafield><datafield tag="652" ind1="0" ind2="0"><subfield code="m">83.8</subfield></datafield><datafield tag="666" ind1="0" ind2="0"><subfield code="e">Argentina</subfield></datafield><datafield tag="666" ind1="0" ind2="0"><subfield code="f">historie</subfield><subfield code="f">præsidenter</subfield></datafield><datafield tag="745" ind1="0" ind2="0"><subfield code="a">Juan and Eva Perón</subfield></datafield><datafield tag="996" ind1="0" ind2="0"><subfield code="a">773000</subfield></datafield></record>