
<marcx:record format="danMARC2" type="Bibliographic" xmlns:marcx="info:lc/xmlns/marcxchange-v1"><marcx:leader>00000n    2200000   4500</marcx:leader><marcx:datafield tag="001" ind1="0" ind2="0"><marcx:subfield code="a">22371800</marcx:subfield><marcx:subfield code="b">191919</marcx:subfield><marcx:subfield code="c">19990410004452</marcx:subfield><marcx:subfield code="d">19990216</marcx:subfield><marcx:subfield code="f">a</marcx:subfield></marcx:datafield><marcx:datafield tag="004" ind1="0" ind2="0"><marcx:subfield code="r">n</marcx:subfield><marcx:subfield code="a">e</marcx:subfield></marcx:datafield><marcx:datafield tag="008" ind1="0" ind2="0"><marcx:subfield code="t">s</marcx:subfield><marcx:subfield code="u">f</marcx:subfield><marcx:subfield code="a">1998</marcx:subfield><marcx:subfield code="b">dk</marcx:subfield><marcx:subfield code="k">b</marcx:subfield><marcx:subfield code="l">dan</marcx:subfield><marcx:subfield code="v">0</marcx:subfield></marcx:datafield><marcx:datafield tag="009" ind1="0" ind2="0"><marcx:subfield code="a">a</marcx:subfield><marcx:subfield code="g">xx</marcx:subfield></marcx:datafield><marcx:datafield tag="021" ind1="0" ind2="0"><marcx:subfield code="a">87-90476-02-6</marcx:subfield><marcx:subfield code="c">hf.</marcx:subfield><marcx:subfield code="d">kr. 98,00</marcx:subfield></marcx:datafield><marcx:datafield tag="032" ind1="0" ind2="0"><marcx:subfield code="a">DBF199911</marcx:subfield><marcx:subfield code="x">SFD199911</marcx:subfield></marcx:datafield><marcx:datafield tag="245" ind1="0" ind2="0"><marcx:subfield code="a">Erik Andreasen</marcx:subfield></marcx:datafield><marcx:datafield tag="260" ind1="0" ind2="0"><marcx:subfield code="&amp;">1</marcx:subfield><marcx:subfield code="a">[Lyngby]</marcx:subfield><marcx:subfield code="b">Slot</marcx:subfield><marcx:subfield code="c">1998</marcx:subfield><marcx:subfield code="k">Sorgenfri Tryk, Rex</marcx:subfield></marcx:datafield><marcx:datafield tag="300" ind1="0" ind2="0"><marcx:subfield code="a">79 sider</marcx:subfield><marcx:subfield code="b">ill.</marcx:subfield></marcx:datafield><marcx:datafield tag="504" ind1="0" ind2="0"><marcx:subfield code="&amp;">1</marcx:subfield><marcx:subfield code="a">Om professor Erik Andreasens (f. 1909) liv som kunstsamler og kender af især dansk billedkunst og skulptur</marcx:subfield></marcx:datafield><marcx:datafield tag="512" ind1="0" ind2="0"><marcx:subfield code="a">På omslaget: Et udsædvanligt menneske</marcx:subfield></marcx:datafield><marcx:datafield tag="530" ind1="0" ind2="0"><marcx:subfield code="&amp;">1</marcx:subfield><marcx:subfield code="a">Indhold: Kjeld Andreasen: Broderlige betragtninger. Søren Cock-Clausen: - i samarbejde med Erik. Ahlmann Dyrhagen: Mit møde med Erik Andreasen. Susanne Borum Gjedde: Livet på Sorgenfridal. Egill Jacobsen: En ægte ven. Ꜳse Nielsen: Det var nu ikke kunst altsammen. Ninka: Livet er en kostbar gave</marcx:subfield></marcx:datafield><marcx:datafield tag="600" ind1="0" ind2="0"><marcx:subfield code="a">Andreasen</marcx:subfield><marcx:subfield code="h">Erik</marcx:subfield><marcx:subfield code="c">f. 1909</marcx:subfield></marcx:datafield><marcx:datafield tag="652" ind1="0" ind2="0"><marcx:subfield code="m">99.4</marcx:subfield><marcx:subfield code="a">Andreasen</marcx:subfield><marcx:subfield code="h">Erik</marcx:subfield><marcx:subfield code="c">f. 1909</marcx:subfield></marcx:datafield><marcx:datafield tag="652" ind1="0" ind2="0"><marcx:subfield code="q">70.86</marcx:subfield><marcx:subfield code="z">99</marcx:subfield><marcx:subfield code="a">Andreasen</marcx:subfield><marcx:subfield code="h">Erik</marcx:subfield><marcx:subfield code="c">f. 1909</marcx:subfield></marcx:datafield><marcx:datafield tag="652" ind1="0" ind2="0"><marcx:subfield code="r">70.86</marcx:subfield></marcx:datafield><marcx:datafield tag="666" ind1="0" ind2="0"><marcx:subfield code="0"/><marcx:subfield code="f">kunstsamlere</marcx:subfield></marcx:datafield><marcx:datafield tag="666" ind1="0" ind2="0"><marcx:subfield code="0"/><marcx:subfield code="f">dansk kunst</marcx:subfield></marcx:datafield><marcx:datafield tag="666" ind1="0" ind2="0"><marcx:subfield code="0"/><marcx:subfield code="f">kunst</marcx:subfield></marcx:datafield><marcx:datafield tag="666" ind1="0" ind2="0"><marcx:subfield code="0"/><marcx:subfield code="f">kunstsamlinger</marcx:subfield></marcx:datafield><marcx:datafield tag="666" ind1="0" ind2="0"><marcx:subfield code="0"/><marcx:subfield code="f">privatsamlinger</marcx:subfield></marcx:datafield><marcx:datafield tag="666" ind1="0" ind2="0"><marcx:subfield code="0"/><marcx:subfield code="e">Danmark</marcx:subfield></marcx:datafield><marcx:datafield tag="666" ind1="0" ind2="0"><marcx:subfield code="0"/><marcx:subfield code="i">1900-1999</marcx:subfield></marcx:datafield><marcx:datafield tag="666" ind1="0" ind2="0"><marcx:subfield code="0"/><marcx:subfield code="o">biografier</marcx:subfield></marcx:datafield><marcx:datafield tag="990" ind1="0" ind2="0"><marcx:subfield code="a">SFD</marcx:subfield><marcx:subfield code="c">H</marcx:subfield><marcx:subfield code="o">199911</marcx:subfield></marcx:datafield><marcx:datafield tag="996" ind1="0" ind2="0"><marcx:subfield code="a">DBC</marcx:subfield></marcx:datafield></marcx:record>