
<record xsi:schemaLocation="http://www.loc.gov/standards/iso25577/marcxchange-1-1.xsd" xmlns="info:lc/xmlns/marcxchange-v1" xmlns:xsi="http://www.w3.org/2001/XMLSchema-instance"><leader>00000n    2200000   4500</leader><datafield tag="001" ind1="0" ind2="0"><subfield code="a">45706680</subfield><subfield code="b">191919</subfield><subfield code="c">20150827151238</subfield><subfield code="d">20010817</subfield><subfield code="f">a</subfield></datafield><datafield tag="002" ind1="0" ind2="0"><subfield code="b">773000</subfield><subfield code="c">90043234</subfield><subfield code="x">77300090043234</subfield></datafield><datafield tag="004" ind1="0" ind2="0"><subfield code="r">c</subfield><subfield code="a">e</subfield></datafield><datafield tag="008" ind1="0" ind2="0"><subfield code="t">m</subfield><subfield code="j">f</subfield><subfield code="u">r</subfield><subfield code="a">2000</subfield><subfield code="l">eng</subfield><subfield code="b">gb</subfield><subfield code="v">0</subfield></datafield><datafield tag="009" ind1="0" ind2="0"><subfield code="a">a</subfield><subfield code="g">xx</subfield></datafield><datafield tag="021" ind1="0" ind2="0"><subfield code="a">0-7515-0457-2</subfield></datafield><datafield tag="100" ind1="0" ind2="0"><subfield code="a">King</subfield><subfield code="h">Stephen</subfield></datafield><datafield tag="245" ind1="0" ind2="0"><subfield code="a">The ¤eyes of the dragon</subfield><subfield code="c">a story</subfield><subfield code="e">by Stephen King</subfield><subfield code="f">with illustrations by David Palladini</subfield></datafield><datafield tag="260" ind1="0" ind2="0"><subfield code="a">London</subfield><subfield code="b">Warner Books</subfield><subfield code="c">2000</subfield></datafield><datafield tag="300" ind1="0" ind2="0"><subfield code="a">427 sider</subfield><subfield code="b">ill.</subfield></datafield><datafield tag="512" ind1="0" ind2="0"><subfield code="a">På omslaget: The indisputable king of horror</subfield></datafield><datafield tag="520" ind1="0" ind2="0"><subfield code="a">Originaludgave: 1988</subfield></datafield><datafield tag="652" ind1="0" ind2="0"><subfield code="m">83.8</subfield></datafield><datafield tag="996" ind1="0" ind2="0"><subfield code="a">773000</subfield></datafield></record>