
<marcx:record format="danMARC2" type="Bibliographic" xmlns:marcx="info:lc/xmlns/marcxchange-v1"><marcx:leader>00000n    2200000   4500</marcx:leader><marcx:datafield tag="001" ind1="0" ind2="0"><marcx:subfield code="a">22445669</marcx:subfield><marcx:subfield code="b">191919</marcx:subfield><marcx:subfield code="c">20050825213017</marcx:subfield><marcx:subfield code="d">19990511</marcx:subfield><marcx:subfield code="f">a</marcx:subfield></marcx:datafield><marcx:datafield tag="004" ind1="0" ind2="0"><marcx:subfield code="r">n</marcx:subfield><marcx:subfield code="a">e</marcx:subfield></marcx:datafield><marcx:datafield tag="008" ind1="0" ind2="0"><marcx:subfield code="t">s</marcx:subfield><marcx:subfield code="u">f</marcx:subfield><marcx:subfield code="a">1999</marcx:subfield><marcx:subfield code="b">dk</marcx:subfield><marcx:subfield code="l">eng</marcx:subfield><marcx:subfield code="v">0</marcx:subfield></marcx:datafield><marcx:datafield tag="009" ind1="0" ind2="0"><marcx:subfield code="a">s</marcx:subfield><marcx:subfield code="g">xc</marcx:subfield></marcx:datafield><marcx:datafield tag="020" ind1="0" ind2="0"><marcx:subfield code="a">dk</marcx:subfield></marcx:datafield><marcx:datafield tag="021" ind1="0" ind2="0"><marcx:subfield code="d">kr. 169,00</marcx:subfield></marcx:datafield><marcx:datafield tag="032" ind1="0" ind2="0"><marcx:subfield code="a">DMO199921</marcx:subfield><marcx:subfield code="x">SFG199921</marcx:subfield><marcx:subfield code="x">DAT200216</marcx:subfield><marcx:subfield code="x">DAT990535</marcx:subfield></marcx:datafield><marcx:datafield tag="039" ind1="0" ind2="0"><marcx:subfield code="a">fil</marcx:subfield></marcx:datafield><marcx:datafield tag="245" ind1="0" ind2="0"><marcx:subfield code="a">All time greatest movie songs</marcx:subfield></marcx:datafield><marcx:datafield tag="260" ind1="0" ind2="0"><marcx:subfield code="a">[Kbh.]</marcx:subfield><marcx:subfield code="b">Sony</marcx:subfield><marcx:subfield code="b">Universal</marcx:subfield><marcx:subfield code="c">p 1999</marcx:subfield></marcx:datafield><marcx:datafield tag="300" ind1="0" ind2="0"><marcx:subfield code="n">2 cd'er</marcx:subfield></marcx:datafield><marcx:datafield tag="512" ind1="0" ind2="0"><marcx:subfield code="a">Indspilninger publiceret 1964-1998</marcx:subfield></marcx:datafield><marcx:datafield tag="531" ind1="0" ind2="0"><marcx:subfield code="a">Indhold:</marcx:subfield></marcx:datafield><marcx:datafield tag="538" ind1="0" ind2="0"><marcx:subfield code="f">Sony</marcx:subfield><marcx:subfield code="g">Universal</marcx:subfield><marcx:subfield code="g">9908-03</marcx:subfield></marcx:datafield><marcx:datafield tag="652" ind1="0" ind2="0"><marcx:subfield code="m">78.811</marcx:subfield></marcx:datafield><marcx:datafield tag="652" ind1="0" ind2="0"><marcx:subfield code="p">78.7941</marcx:subfield></marcx:datafield><marcx:datafield tag="666" ind1="0" ind2="0"><marcx:subfield code="0"/><marcx:subfield code="m">filmmusik</marcx:subfield><marcx:subfield code="m">rock</marcx:subfield><marcx:subfield code="m">pop</marcx:subfield><marcx:subfield code="m">soul</marcx:subfield><marcx:subfield code="p">1960-1969</marcx:subfield><marcx:subfield code="p">1970-1979</marcx:subfield><marcx:subfield code="p">1980-1989</marcx:subfield><marcx:subfield code="p">1990-1999</marcx:subfield><marcx:subfield code="l">USA</marcx:subfield><marcx:subfield code="l">England</marcx:subfield><marcx:subfield code="l">Danmark</marcx:subfield></marcx:datafield><marcx:datafield tag="700" ind1="0" ind2="0"><marcx:subfield code="a">L.V.</marcx:subfield></marcx:datafield><marcx:datafield tag="700" ind1="0" ind2="0"><marcx:subfield code="a">Adams</marcx:subfield><marcx:subfield code="h">Bryan</marcx:subfield></marcx:datafield><marcx:datafield tag="700" ind1="0" ind2="0"><marcx:subfield code="a">Norreen</marcx:subfield><marcx:subfield code="h">Claus</marcx:subfield></marcx:datafield><marcx:datafield tag="700" ind1="0" ind2="0"><marcx:subfield code="a">Rasted</marcx:subfield><marcx:subfield code="h">Søren</marcx:subfield></marcx:datafield><marcx:datafield tag="700" ind1="0" ind2="0"><marcx:subfield code="å">51</marcx:subfield><marcx:subfield code="a">Mortensen</marcx:subfield><marcx:subfield code="h">Povl Kristian</marcx:subfield></marcx:datafield><marcx:datafield tag="700" ind1="0" ind2="0"><marcx:subfield code="a">Heldt</marcx:subfield><marcx:subfield code="h">Jacob</marcx:subfield></marcx:datafield><marcx:datafield tag="700" ind1="0" ind2="0"><marcx:subfield code="å">108</marcx:subfield><marcx:subfield code="a">Peter Peter</marcx:subfield></marcx:datafield><marcx:datafield tag="700" ind1="0" ind2="0"><marcx:subfield code="a">Anthony</marcx:subfield><marcx:subfield code="h">Marc</marcx:subfield></marcx:datafield><marcx:datafield tag="700" ind1="0" ind2="0"><marcx:subfield code="a">Bryson</marcx:subfield><marcx:subfield code="h">Peabo</marcx:subfield></marcx:datafield><marcx:datafield tag="710" ind1="0" ind2="0"><marcx:subfield code="a">The ¤Idiot All Stars</marcx:subfield></marcx:datafield><marcx:datafield tag="770" ind1="0" ind2="0"><marcx:subfield code="å">11</marcx:subfield><marcx:subfield code="a">Summer</marcx:subfield><marcx:subfield code="h">Donna</marcx:subfield></marcx:datafield><marcx:datafield tag="770" ind1="0" ind2="0"><marcx:subfield code="å">12</marcx:subfield><marcx:subfield code="a">Dion</marcx:subfield><marcx:subfield code="h">Céline</marcx:subfield></marcx:datafield><marcx:datafield tag="770" ind1="0" ind2="0"><marcx:subfield code="å">13</marcx:subfield><marcx:subfield code="a">Coolio</marcx:subfield></marcx:datafield><marcx:datafield tag="770" ind1="0" ind2="0"><marcx:subfield code="å">14</marcx:subfield><marcx:subfield code="a">Berry</marcx:subfield><marcx:subfield code="h">Chuck</marcx:subfield></marcx:datafield><marcx:datafield tag="770" ind1="0" ind2="0"><marcx:subfield code="å">15</marcx:subfield><marcx:subfield code="a">Streisand</marcx:subfield><marcx:subfield code="h">Barbra</marcx:subfield></marcx:datafield><marcx:datafield tag="770" ind1="0" ind2="0"><marcx:subfield code="å">17</marcx:subfield><marcx:subfield code="a">Kelly</marcx:subfield><marcx:subfield code="h">R.</marcx:subfield></marcx:datafield><marcx:datafield tag="770" ind1="0" ind2="0"><marcx:subfield code="å">20</marcx:subfield><marcx:subfield code="a">Dylan</marcx:subfield><marcx:subfield code="h">Bob</marcx:subfield></marcx:datafield><marcx:datafield tag="770" ind1="0" ind2="0"><marcx:subfield code="å">21</marcx:subfield><marcx:subfield code="A">mackee</marcx:subfield><marcx:subfield code="a">McKee</marcx:subfield><marcx:subfield code="h">Maria</marcx:subfield></marcx:datafield><marcx:datafield tag="770" ind1="0" ind2="0"><marcx:subfield code="å">22</marcx:subfield><marcx:subfield code="a">Bennett</marcx:subfield><marcx:subfield code="h">Tony</marcx:subfield></marcx:datafield><marcx:datafield tag="770" ind1="0" ind2="0"><marcx:subfield code="å">23</marcx:subfield><marcx:subfield code="a">Belle</marcx:subfield><marcx:subfield code="h">Regina</marcx:subfield></marcx:datafield><marcx:datafield tag="770" ind1="0" ind2="0"><marcx:subfield code="å">24</marcx:subfield><marcx:subfield code="a">Connick</marcx:subfield><marcx:subfield code="h">Harry</marcx:subfield></marcx:datafield><marcx:datafield tag="770" ind1="0" ind2="0"><marcx:subfield code="å">25</marcx:subfield><marcx:subfield code="a">Kamoze</marcx:subfield><marcx:subfield code="h">Ini</marcx:subfield></marcx:datafield><marcx:datafield tag="770" ind1="0" ind2="0"><marcx:subfield code="å">26</marcx:subfield><marcx:subfield code="a">King</marcx:subfield><marcx:subfield code="h">B. B.</marcx:subfield></marcx:datafield><marcx:datafield tag="770" ind1="0" ind2="0"><marcx:subfield code="å">30</marcx:subfield><marcx:subfield code="a">Trier</marcx:subfield><marcx:subfield code="h">Lars von</marcx:subfield></marcx:datafield><marcx:datafield tag="770" ind1="0" ind2="0"><marcx:subfield code="å">31</marcx:subfield><marcx:subfield code="a">Cara</marcx:subfield><marcx:subfield code="h">Irene</marcx:subfield></marcx:datafield><marcx:datafield tag="770" ind1="0" ind2="0"><marcx:subfield code="å">32</marcx:subfield><marcx:subfield code="a">Springsteen</marcx:subfield><marcx:subfield code="h">Bruce</marcx:subfield></marcx:datafield><marcx:datafield tag="770" ind1="0" ind2="0"><marcx:subfield code="å">34</marcx:subfield><marcx:subfield code="a">Parker</marcx:subfield><marcx:subfield code="h">Ray</marcx:subfield></marcx:datafield><marcx:datafield tag="770" ind1="0" ind2="0"><marcx:subfield code="å">35</marcx:subfield><marcx:subfield code="a">Elliott</marcx:subfield><marcx:subfield code="h">Cass</marcx:subfield></marcx:datafield><marcx:datafield tag="770" ind1="0" ind2="0"><marcx:subfield code="å">37</marcx:subfield><marcx:subfield code="a">Smith</marcx:subfield><marcx:subfield code="h">Will</marcx:subfield></marcx:datafield><marcx:datafield tag="770" ind1="0" ind2="0"><marcx:subfield code="å">38</marcx:subfield><marcx:subfield code="a">Jackson</marcx:subfield><marcx:subfield code="h">Michael</marcx:subfield><marcx:subfield code="c">f. 1958</marcx:subfield></marcx:datafield><marcx:datafield tag="770" ind1="0" ind2="0"><marcx:subfield code="å">40</marcx:subfield><marcx:subfield code="a">Lee</marcx:subfield><marcx:subfield code="h">Brenda</marcx:subfield></marcx:datafield><marcx:datafield tag="770" ind1="0" ind2="0"><marcx:subfield code="å">41</marcx:subfield><marcx:subfield code="a">Bolton</marcx:subfield><marcx:subfield code="h">Michael</marcx:subfield></marcx:datafield><marcx:datafield tag="770" ind1="0" ind2="0"><marcx:subfield code="å">43</marcx:subfield><marcx:subfield code="a">Ocean</marcx:subfield><marcx:subfield code="h">Billy</marcx:subfield></marcx:datafield><marcx:datafield tag="770" ind1="0" ind2="0"><marcx:subfield code="å">44</marcx:subfield><marcx:subfield code="a">Hill</marcx:subfield><marcx:subfield code="h">Lauryn</marcx:subfield></marcx:datafield><marcx:datafield tag="770" ind1="0" ind2="0"><marcx:subfield code="å">45</marcx:subfield><marcx:subfield code="a">King</marcx:subfield><marcx:subfield code="h">Diana</marcx:subfield></marcx:datafield><marcx:datafield tag="770" ind1="0" ind2="0"><marcx:subfield code="å">48</marcx:subfield><marcx:subfield code="a">Arena</marcx:subfield><marcx:subfield code="h">Tina</marcx:subfield></marcx:datafield><marcx:datafield tag="770" ind1="0" ind2="0"><marcx:subfield code="å">49</marcx:subfield><marcx:subfield code="a">Mayfield</marcx:subfield><marcx:subfield code="h">Curtis</marcx:subfield></marcx:datafield><marcx:datafield tag="770" ind1="0" ind2="0"><marcx:subfield code="å">50</marcx:subfield><marcx:subfield code="a">Joel</marcx:subfield><marcx:subfield code="h">Billy</marcx:subfield></marcx:datafield><marcx:datafield tag="780" ind1="0" ind2="0"><marcx:subfield code="å">16</marcx:subfield><marcx:subfield code="a">Simon &amp; Garfunkel</marcx:subfield></marcx:datafield><marcx:datafield tag="780" ind1="0" ind2="0"><marcx:subfield code="å">18</marcx:subfield><marcx:subfield code="a">The ¤Cardigans</marcx:subfield></marcx:datafield><marcx:datafield tag="780" ind1="0" ind2="0"><marcx:subfield code="å">19</marcx:subfield><marcx:subfield code="a">Rose Royce</marcx:subfield></marcx:datafield><marcx:datafield tag="780" ind1="0" ind2="0"><marcx:subfield code="å">27</marcx:subfield><marcx:subfield code="a">Jamiroquai</marcx:subfield></marcx:datafield><marcx:datafield tag="780" ind1="0" ind2="0"><marcx:subfield code="å">28</marcx:subfield><marcx:subfield code="a">Innocent Blood</marcx:subfield></marcx:datafield><marcx:datafield tag="780" ind1="0" ind2="0"><marcx:subfield code="å">29</marcx:subfield><marcx:subfield code="a">Underworld</marcx:subfield></marcx:datafield><marcx:datafield tag="780" ind1="0" ind2="0"><marcx:subfield code="å">33</marcx:subfield><marcx:subfield code="a">Duran Duran</marcx:subfield></marcx:datafield><marcx:datafield tag="780" ind1="0" ind2="0"><marcx:subfield code="å">36</marcx:subfield><marcx:subfield code="a">The ¤Commitments</marcx:subfield></marcx:datafield><marcx:datafield tag="780" ind1="0" ind2="0"><marcx:subfield code="å">39</marcx:subfield><marcx:subfield code="a">Eternal</marcx:subfield></marcx:datafield><marcx:datafield tag="780" ind1="0" ind2="0"><marcx:subfield code="å">42</marcx:subfield><marcx:subfield code="a">Aqua</marcx:subfield></marcx:datafield><marcx:datafield tag="780" ind1="0" ind2="0"><marcx:subfield code="å">46</marcx:subfield><marcx:subfield code="a">The ¤Righteous Brothers</marcx:subfield></marcx:datafield><marcx:datafield tag="780" ind1="0" ind2="0"><marcx:subfield code="å">47</marcx:subfield><marcx:subfield code="a">The ¤Prisoner</marcx:subfield></marcx:datafield><marcx:datafield tag="795" ind1="0" ind2="0"><marcx:subfield code="å">11</marcx:subfield><marcx:subfield code="a">Hot stuff</marcx:subfield></marcx:datafield><marcx:datafield tag="795" ind1="0" ind2="0"><marcx:subfield code="å">12</marcx:subfield><marcx:subfield code="a">My heart will go on</marcx:subfield></marcx:datafield><marcx:datafield tag="795" ind1="0" ind2="0"><marcx:subfield code="å">13</marcx:subfield><marcx:subfield code="a">Gangsta's paradise</marcx:subfield><marcx:subfield code="e">Coolio feat. LV</marcx:subfield></marcx:datafield><marcx:datafield tag="795" ind1="0" ind2="0"><marcx:subfield code="å">14</marcx:subfield><marcx:subfield code="a">You never can tell</marcx:subfield></marcx:datafield><marcx:datafield tag="795" ind1="0" ind2="0"><marcx:subfield code="å">15</marcx:subfield><marcx:subfield code="a">I finally found someone</marcx:subfield><marcx:subfield code="e">Barbara Streisand &amp; Bryan Adams</marcx:subfield></marcx:datafield><marcx:datafield tag="795" ind1="0" ind2="0"><marcx:subfield code="å">16</marcx:subfield><marcx:subfield code="a">Mrs Robinson</marcx:subfield></marcx:datafield><marcx:datafield tag="795" ind1="0" ind2="0"><marcx:subfield code="å">17</marcx:subfield><marcx:subfield code="a">I believe I can fly</marcx:subfield></marcx:datafield><marcx:datafield tag="795" ind1="0" ind2="0"><marcx:subfield code="å">18</marcx:subfield><marcx:subfield code="a">Lovefool</marcx:subfield></marcx:datafield><marcx:datafield tag="795" ind1="0" ind2="0"><marcx:subfield code="å">19</marcx:subfield><marcx:subfield code="a">Car wash</marcx:subfield></marcx:datafield><marcx:datafield tag="795" ind1="0" ind2="0"><marcx:subfield code="å">20</marcx:subfield><marcx:subfield code="a">Knockin' on heavens door</marcx:subfield></marcx:datafield><marcx:datafield tag="795" ind1="0" ind2="0"><marcx:subfield code="å">21</marcx:subfield><marcx:subfield code="a">Show me heaven</marcx:subfield></marcx:datafield><marcx:datafield tag="795" ind1="0" ind2="0"><marcx:subfield code="å">22</marcx:subfield><marcx:subfield code="a">The ¤way you look tonight</marcx:subfield></marcx:datafield><marcx:datafield tag="795" ind1="0" ind2="0"><marcx:subfield code="å">23</marcx:subfield><marcx:subfield code="a">A ¤whole new world</marcx:subfield><marcx:subfield code="e">Regina Belle &amp; Peabo Bryson</marcx:subfield></marcx:datafield><marcx:datafield tag="795" ind1="0" ind2="0"><marcx:subfield code="å">24</marcx:subfield><marcx:subfield code="a">It had to be you</marcx:subfield></marcx:datafield><marcx:datafield tag="795" ind1="0" ind2="0"><marcx:subfield code="å">25</marcx:subfield><marcx:subfield code="a">Here comes the hotstepper (heartical mix)</marcx:subfield></marcx:datafield><marcx:datafield tag="795" ind1="0" ind2="0"><marcx:subfield code="å">26</marcx:subfield><marcx:subfield code="a">Better not look down</marcx:subfield></marcx:datafield><marcx:datafield tag="795" ind1="0" ind2="0"><marcx:subfield code="å">27</marcx:subfield><marcx:subfield code="a">Deeper underground</marcx:subfield></marcx:datafield><marcx:datafield tag="795" ind1="0" ind2="0"><marcx:subfield code="å">28</marcx:subfield><marcx:subfield code="a">There'll be no tears</marcx:subfield><marcx:subfield code="i">Innocent Blood</marcx:subfield></marcx:datafield><marcx:datafield tag="795" ind1="0" ind2="0"><marcx:subfield code="å">29</marcx:subfield><marcx:subfield code="a">Born slippy</marcx:subfield></marcx:datafield><marcx:datafield tag="795" ind1="0" ind2="0"><marcx:subfield code="å">30</marcx:subfield><marcx:subfield code="a">You're a lady</marcx:subfield><marcx:subfield code="i">Sames/Skellern</marcx:subfield><marcx:subfield code="e">Lars von Trier &amp; the Idiot All Stars</marcx:subfield></marcx:datafield><marcx:datafield tag="795" ind1="0" ind2="0"><marcx:subfield code="å">31</marcx:subfield><marcx:subfield code="a">What a feeling</marcx:subfield></marcx:datafield><marcx:datafield tag="795" ind1="0" ind2="0"><marcx:subfield code="å">32</marcx:subfield><marcx:subfield code="a">Streets of Philadelphia</marcx:subfield></marcx:datafield><marcx:datafield tag="795" ind1="0" ind2="0"><marcx:subfield code="å">33</marcx:subfield><marcx:subfield code="a">A ¤view to a kill</marcx:subfield></marcx:datafield><marcx:datafield tag="795" ind1="0" ind2="0"><marcx:subfield code="å">34</marcx:subfield><marcx:subfield code="a">Ghostbusters</marcx:subfield></marcx:datafield><marcx:datafield tag="795" ind1="0" ind2="0"><marcx:subfield code="å">35</marcx:subfield><marcx:subfield code="a">Dream a little dream of me</marcx:subfield></marcx:datafield><marcx:datafield tag="795" ind1="0" ind2="0"><marcx:subfield code="å">36</marcx:subfield><marcx:subfield code="a">In the midnight hour</marcx:subfield></marcx:datafield><marcx:datafield tag="795" ind1="0" ind2="0"><marcx:subfield code="å">37</marcx:subfield><marcx:subfield code="a">Men in black</marcx:subfield></marcx:datafield><marcx:datafield tag="795" ind1="0" ind2="0"><marcx:subfield code="å">38</marcx:subfield><marcx:subfield code="a">Will you be there</marcx:subfield></marcx:datafield><marcx:datafield tag="795" ind1="0" ind2="0"><marcx:subfield code="å">39</marcx:subfield><marcx:subfield code="a">Someday</marcx:subfield></marcx:datafield><marcx:datafield tag="795" ind1="0" ind2="0"><marcx:subfield code="å">40</marcx:subfield><marcx:subfield code="a">I'm sorry</marcx:subfield></marcx:datafield><marcx:datafield tag="795" ind1="0" ind2="0"><marcx:subfield code="å">41</marcx:subfield><marcx:subfield code="a">Go the distance</marcx:subfield></marcx:datafield><marcx:datafield tag="795" ind1="0" ind2="0"><marcx:subfield code="å">42</marcx:subfield><marcx:subfield code="a">Turn back time</marcx:subfield><marcx:subfield code="i">S. Rasted/C. Norreen</marcx:subfield></marcx:datafield><marcx:datafield tag="795" ind1="0" ind2="0"><marcx:subfield code="å">43</marcx:subfield><marcx:subfield code="a">When the going gets tough, the tough get going</marcx:subfield></marcx:datafield><marcx:datafield tag="795" ind1="0" ind2="0"><marcx:subfield code="å">44</marcx:subfield><marcx:subfield code="a">The ¤sweetest thing</marcx:subfield></marcx:datafield><marcx:datafield tag="795" ind1="0" ind2="0"><marcx:subfield code="å">45</marcx:subfield><marcx:subfield code="a">Shy guy (dancehall mix)</marcx:subfield></marcx:datafield><marcx:datafield tag="795" ind1="0" ind2="0"><marcx:subfield code="å">46</marcx:subfield><marcx:subfield code="a">Unchained melody</marcx:subfield></marcx:datafield><marcx:datafield tag="795" ind1="0" ind2="0"><marcx:subfield code="å">47</marcx:subfield><marcx:subfield code="a">Summer's got the color</marcx:subfield><marcx:subfield code="i">Peter Peter/Povl Kristian/Jacob Heldt</marcx:subfield></marcx:datafield><marcx:datafield tag="795" ind1="0" ind2="0"><marcx:subfield code="å">48</marcx:subfield><marcx:subfield code="a">I want to spend my lifetime loving you</marcx:subfield><marcx:subfield code="e">Tina Arena &amp; Marc Anthony</marcx:subfield></marcx:datafield><marcx:datafield tag="795" ind1="0" ind2="0"><marcx:subfield code="å">49</marcx:subfield><marcx:subfield code="a">Superfly</marcx:subfield></marcx:datafield><marcx:datafield tag="795" ind1="0" ind2="0"><marcx:subfield code="å">50</marcx:subfield><marcx:subfield code="a">Modern woman</marcx:subfield></marcx:datafield><marcx:datafield tag="900" ind1="0" ind2="0"><marcx:subfield code="a">Povl Kristian</marcx:subfield><marcx:subfield code="x">se også</marcx:subfield><marcx:subfield code="z">700/51</marcx:subfield></marcx:datafield><marcx:datafield tag="900" ind1="0" ind2="0"><marcx:subfield code="a">Mama Cass</marcx:subfield><marcx:subfield code="z">770/35</marcx:subfield></marcx:datafield><marcx:datafield tag="900" ind1="0" ind2="0"><marcx:subfield code="a">Schneidermann</marcx:subfield><marcx:subfield code="h">Peter</marcx:subfield><marcx:subfield code="z">700/108</marcx:subfield></marcx:datafield><marcx:datafield tag="990" ind1="0" ind2="0"><marcx:subfield code="a">SFG</marcx:subfield><marcx:subfield code="o">199921</marcx:subfield><marcx:subfield code="c">C</marcx:subfield><marcx:subfield code="t">11.06.99</marcx:subfield></marcx:datafield><marcx:datafield tag="996" ind1="0" ind2="0"><marcx:subfield code="a">DBC</marcx:subfield></marcx:datafield></marcx:record>