
<record xsi:schemaLocation="http://www.loc.gov/standards/iso25577/marcxchange-1-1.xsd" xmlns="info:lc/xmlns/marcxchange-v1" xmlns:xsi="http://www.w3.org/2001/XMLSchema-instance"><leader>00000n    2200000   4500</leader><datafield tag="001" ind1="0" ind2="0"><subfield code="a">45706699</subfield><subfield code="b">191919</subfield><subfield code="c">20150827151244</subfield><subfield code="d">20041105</subfield><subfield code="f">a</subfield></datafield><datafield tag="002" ind1="0" ind2="0"><subfield code="b">773000</subfield><subfield code="c">90054392</subfield><subfield code="x">77300090054392</subfield></datafield><datafield tag="004" ind1="0" ind2="0"><subfield code="r">c</subfield><subfield code="a">e</subfield></datafield><datafield tag="008" ind1="0" ind2="0"><subfield code="t">m</subfield><subfield code="u">u</subfield><subfield code="a">1999</subfield><subfield code="b">gb</subfield><subfield code="l">eng</subfield><subfield code="v">0</subfield></datafield><datafield tag="009" ind1="0" ind2="0"><subfield code="a">a</subfield><subfield code="g">xx</subfield></datafield><datafield tag="021" ind1="0" ind2="0"><subfield code="a">1-84011-208-5</subfield></datafield><datafield tag="245" ind1="0" ind2="0"><subfield code="a">Battle of Britain</subfield><subfield code="e">Len Deighton &amp; Max Hastings</subfield></datafield><datafield tag="260" ind1="0" ind2="0"><subfield code="a">London</subfield><subfield code="b">Wordsworth edition</subfield><subfield code="c">1999</subfield></datafield><datafield tag="300" ind1="0" ind2="0"><subfield code="a">223 sider</subfield><subfield code="b">ill.</subfield><subfield code="b">25 cm</subfield></datafield><datafield tag="440" ind1="0" ind2="0"><subfield code="a">Wordsworth military library</subfield></datafield><datafield tag="631" ind1="0" ind2="0"><subfield code="a">luftkrigshistorie</subfield></datafield><datafield tag="652" ind1="0" ind2="0"><subfield code="m">91.93</subfield></datafield><datafield tag="652" ind1="0" ind2="0"><subfield code="p">93.6</subfield></datafield><datafield tag="666" ind1="0" ind2="0"><subfield code="f">luftkrig</subfield></datafield><datafield tag="666" ind1="0" ind2="0"><subfield code="e">England</subfield></datafield><datafield tag="666" ind1="0" ind2="0"><subfield code="f">historie</subfield></datafield><datafield tag="666" ind1="0" ind2="0"><subfield code="i">1940-1949</subfield></datafield><datafield tag="700" ind1="0" ind2="0"><subfield code="a">Deighton</subfield><subfield code="h">Len</subfield></datafield><datafield tag="700" ind1="0" ind2="0"><subfield code="a">Hastings</subfield><subfield code="h">Max</subfield></datafield><datafield tag="996" ind1="0" ind2="0"><subfield code="a">773000</subfield></datafield></record>