
<marcx:record format="danMARC2" type="Bibliographic" xmlns:marcx="info:lc/xmlns/marcxchange-v1"><marcx:leader>00000n    2200000   4500</marcx:leader><marcx:datafield tag="001" ind1="0" ind2="0"><marcx:subfield code="a">22367315</marcx:subfield><marcx:subfield code="b">191919</marcx:subfield><marcx:subfield code="c">20000514225524</marcx:subfield><marcx:subfield code="d">19990209</marcx:subfield><marcx:subfield code="f">a</marcx:subfield></marcx:datafield><marcx:datafield tag="004" ind1="0" ind2="0"><marcx:subfield code="r">n</marcx:subfield><marcx:subfield code="a">e</marcx:subfield></marcx:datafield><marcx:datafield tag="008" ind1="0" ind2="0"><marcx:subfield code="t">s</marcx:subfield><marcx:subfield code="u">f</marcx:subfield><marcx:subfield code="a">1998</marcx:subfield><marcx:subfield code="b">dk</marcx:subfield><marcx:subfield code="v">0</marcx:subfield></marcx:datafield><marcx:datafield tag="009" ind1="0" ind2="0"><marcx:subfield code="a">s</marcx:subfield><marcx:subfield code="g">xc</marcx:subfield></marcx:datafield><marcx:datafield tag="020" ind1="0" ind2="0"><marcx:subfield code="a">dk</marcx:subfield></marcx:datafield><marcx:datafield tag="021" ind1="0" ind2="0"><marcx:subfield code="d">kr. 99,00</marcx:subfield></marcx:datafield><marcx:datafield tag="032" ind1="0" ind2="0"><marcx:subfield code="a">DMO199908</marcx:subfield><marcx:subfield code="x">SFG199908</marcx:subfield><marcx:subfield code="x">DAT200021</marcx:subfield></marcx:datafield><marcx:datafield tag="039" ind1="0" ind2="0"><marcx:subfield code="a">kam</marcx:subfield></marcx:datafield><marcx:datafield tag="100" ind1="0" ind2="0"><marcx:subfield code="a">Fürstenau</marcx:subfield><marcx:subfield code="h">Kaspar</marcx:subfield></marcx:datafield><marcx:datafield tag="239" ind1="0" ind2="0"><marcx:subfield code="t">Tema og variationer for fløjte og guitar, G-dur</marcx:subfield><marcx:subfield code="ø">Larsen</marcx:subfield></marcx:datafield><marcx:datafield tag="245" ind1="0" ind2="0"><marcx:subfield code="a">The ¤Fürstenaus</marcx:subfield><marcx:subfield code="e">Caspar Fürstenau, Anton Bernard Fürstenau</marcx:subfield><marcx:subfield code="e">Bent Larsen, fløjte</marcx:subfield><marcx:subfield code="e">Jan Sommer, guitar</marcx:subfield></marcx:datafield><marcx:datafield tag="260" ind1="0" ind2="0"><marcx:subfield code="a">Frederiksberg</marcx:subfield><marcx:subfield code="b">Classico</marcx:subfield><marcx:subfield code="c">cop. 1998</marcx:subfield></marcx:datafield><marcx:datafield tag="300" ind1="0" ind2="0"><marcx:subfield code="n">1 cd</marcx:subfield></marcx:datafield><marcx:datafield tag="512" ind1="0" ind2="0"><marcx:subfield code="a">Indspillet i St. Heddinge Kirke september og november 1997</marcx:subfield></marcx:datafield><marcx:datafield tag="531" ind1="0" ind2="0"><marcx:subfield code="a">Indhold:</marcx:subfield></marcx:datafield><marcx:datafield tag="538" ind1="0" ind2="0"><marcx:subfield code="f">Classico</marcx:subfield><marcx:subfield code="g">CLASSCD 209</marcx:subfield></marcx:datafield><marcx:datafield tag="652" ind1="0" ind2="0"><marcx:subfield code="m">78.437</marcx:subfield></marcx:datafield><marcx:datafield tag="652" ind1="0" ind2="0"><marcx:subfield code="å">11</marcx:subfield><marcx:subfield code="i">78.437</marcx:subfield><marcx:subfield code="i">78.437</marcx:subfield><marcx:subfield code="i">78.437</marcx:subfield><marcx:subfield code="i">78.427</marcx:subfield><marcx:subfield code="v">3</marcx:subfield></marcx:datafield><marcx:datafield tag="652" ind1="0" ind2="0"><marcx:subfield code="å">12</marcx:subfield><marcx:subfield code="i">78.427</marcx:subfield><marcx:subfield code="v">3</marcx:subfield><marcx:subfield code="i">78.427</marcx:subfield><marcx:subfield code="v">4</marcx:subfield></marcx:datafield><marcx:datafield tag="666" ind1="0" ind2="0"><marcx:subfield code="0"/><marcx:subfield code="m">klassik</marcx:subfield><marcx:subfield code="m">romantik</marcx:subfield><marcx:subfield code="m">kammermusik</marcx:subfield><marcx:subfield code="n">instrumental</marcx:subfield><marcx:subfield code="n">fløjte</marcx:subfield><marcx:subfield code="n">guitar</marcx:subfield><marcx:subfield code="p">1790-1799</marcx:subfield><marcx:subfield code="p">1800-1809</marcx:subfield><marcx:subfield code="p">1810-1819</marcx:subfield><marcx:subfield code="l">Tyskland</marcx:subfield></marcx:datafield><marcx:datafield tag="666" ind1="0" ind2="0"><marcx:subfield code="0"/><marcx:subfield code="å">11</marcx:subfield><marcx:subfield code="m">klassik</marcx:subfield><marcx:subfield code="m">romantik</marcx:subfield><marcx:subfield code="m">kammermusik</marcx:subfield><marcx:subfield code="n">instrumental</marcx:subfield><marcx:subfield code="n">fløjte</marcx:subfield><marcx:subfield code="n">guitar</marcx:subfield><marcx:subfield code="p">1790-1799</marcx:subfield><marcx:subfield code="p">1800-1809</marcx:subfield><marcx:subfield code="p">1810-1819</marcx:subfield><marcx:subfield code="l">Tyskland</marcx:subfield></marcx:datafield><marcx:datafield tag="666" ind1="0" ind2="0"><marcx:subfield code="0"/><marcx:subfield code="å">12</marcx:subfield><marcx:subfield code="m">romantik</marcx:subfield><marcx:subfield code="n">instrumental</marcx:subfield><marcx:subfield code="n">fløjte</marcx:subfield><marcx:subfield code="n">guitar</marcx:subfield><marcx:subfield code="p">1830-1839</marcx:subfield><marcx:subfield code="p">1840-1849</marcx:subfield><marcx:subfield code="p">1850-1859</marcx:subfield><marcx:subfield code="l">Tyskland</marcx:subfield></marcx:datafield><marcx:datafield tag="700" ind1="0" ind2="0"><marcx:subfield code="a">Larsen</marcx:subfield><marcx:subfield code="h">Bent</marcx:subfield><marcx:subfield code="c">f. 1941</marcx:subfield></marcx:datafield><marcx:datafield tag="700" ind1="0" ind2="0"><marcx:subfield code="a">Sommer</marcx:subfield><marcx:subfield code="h">Jan</marcx:subfield></marcx:datafield><marcx:datafield tag="700" ind1="0" ind2="0"><marcx:subfield code="a">Grunth</marcx:subfield><marcx:subfield code="h">Lars</marcx:subfield></marcx:datafield><marcx:datafield tag="700" ind1="0" ind2="0"><marcx:subfield code="a">Haugland</marcx:subfield><marcx:subfield code="h">Signe</marcx:subfield></marcx:datafield><marcx:datafield tag="700" ind1="0" ind2="0"><marcx:subfield code="a">Cavalet</marcx:subfield><marcx:subfield code="h">Siro</marcx:subfield></marcx:datafield><marcx:datafield tag="770" ind1="0" ind2="0"><marcx:subfield code="å">11</marcx:subfield><marcx:subfield code="a">Fürstenau</marcx:subfield><marcx:subfield code="h">Kaspar</marcx:subfield></marcx:datafield><marcx:datafield tag="770" ind1="0" ind2="0"><marcx:subfield code="å">12</marcx:subfield><marcx:subfield code="a">Fürstenau</marcx:subfield><marcx:subfield code="h">Anton Bernhard</marcx:subfield></marcx:datafield><marcx:datafield tag="795" ind1="0" ind2="0"><marcx:subfield code="å">11</marcx:subfield><marcx:subfield code="a">Tema og variationer for fløjte og guitar, G-dur</marcx:subfield><marcx:subfield code="a">Tema og variationer for fløjte og guitar, C-dur</marcx:subfield><marcx:subfield code="a">Tema og variationer for fløjte og guitar, A-dur</marcx:subfield><marcx:subfield code="a">Trio for 2 fløjter og guitar</marcx:subfield><marcx:subfield code="e">Siro Cavalet, fløjte</marcx:subfield></marcx:datafield><marcx:datafield tag="795" ind1="0" ind2="0"><marcx:subfield code="å">12</marcx:subfield><marcx:subfield code="a">Serenade for fløjte, viola og guitar, opus 86</marcx:subfield><marcx:subfield code="e">Lars Grunth, viola</marcx:subfield><marcx:subfield code="a">Serenade for fløjte, fagot, viola og guitar, opus 18</marcx:subfield><marcx:subfield code="e">Signe Haugland, fagot</marcx:subfield><marcx:subfield code="e">Lars Grunth, viola</marcx:subfield></marcx:datafield><marcx:datafield tag="990" ind1="0" ind2="0"><marcx:subfield code="a">SFG</marcx:subfield><marcx:subfield code="c">C</marcx:subfield><marcx:subfield code="o">199908</marcx:subfield><marcx:subfield code="t">12.03.99</marcx:subfield></marcx:datafield><marcx:datafield tag="991" ind1="0" ind2="0"><marcx:subfield code="o">\(Klassiske noter 199908)\</marcx:subfield></marcx:datafield><marcx:datafield tag="996" ind1="0" ind2="0"><marcx:subfield code="a">DBC</marcx:subfield></marcx:datafield></marcx:record>