
<record xsi:schemaLocation="http://www.loc.gov/standards/iso25577/marcxchange-1-1.xsd" xmlns="info:lc/xmlns/marcxchange-v1" xmlns:xsi="http://www.w3.org/2001/XMLSchema-instance"><leader>00000n    2200000   4500</leader><datafield tag="001" ind1="0" ind2="0"><subfield code="a">51911725</subfield><subfield code="b">191919</subfield><subfield code="c">20151019140024</subfield><subfield code="d">20150827</subfield><subfield code="f">a</subfield></datafield><datafield tag="004" ind1="0" ind2="0"><subfield code="r">n</subfield><subfield code="a">e</subfield></datafield><datafield tag="008" ind1="0" ind2="0"><subfield code="t">s</subfield><subfield code="u">f</subfield><subfield code="a">2015</subfield><subfield code="b">xx</subfield><subfield code="l">eng</subfield><subfield code="v">0</subfield></datafield><datafield tag="009" ind1="0" ind2="0"><subfield code="a">s</subfield><subfield code="g">xc</subfield><subfield code="a">s</subfield><subfield code="b">m</subfield><subfield code="g">th</subfield><subfield code="b">a</subfield><subfield code="g">th</subfield></datafield><datafield tag="021" ind1="0" ind2="0"><subfield code="b">Dvd-videoens brugsretskategori: D</subfield></datafield><datafield tag="023" ind1="0" ind2="0"><subfield code="b">0819873012108</subfield></datafield><datafield tag="032" ind1="0" ind2="0"><subfield code="x">BKM201545</subfield><subfield code="x">ACM201535</subfield></datafield><datafield tag="039" ind1="0" ind2="0"><subfield code="a">bef</subfield></datafield><datafield tag="100" ind1="0" ind2="0"><subfield code="a">Bonamassa</subfield><subfield code="h">Joe</subfield></datafield><datafield tag="245" ind1="0" ind2="0"><subfield code="a">Live at Radio City Music Hall</subfield><subfield code="e">Joe Bonamassa with Carmine Rojas, Reese Wynans, Tal Bergman, Gerry O'Connor, Mats Wester, Lenny Castro ... [et al.]</subfield></datafield><datafield tag="260" ind1="0" ind2="0"><subfield code="b">J&amp;R Advetures</subfield><subfield code="b">Mascot Music</subfield><subfield code="c">p 2015</subfield></datafield><datafield tag="300" ind1="0" ind2="0"><subfield code="n">1 cd</subfield><subfield code="n">1 dvd-video</subfield><subfield code="l">ca. 2 t., 27 min.</subfield><subfield code="d">2 bilag</subfield></datafield><datafield tag="512" ind1="0" ind2="0"><subfield code="a">Live-optagelser, Radio City Music Hall, New York City 23.-24. januar 2015</subfield></datafield><datafield tag="531" ind1="0" ind2="0"><subfield code="a">Indhold:</subfield></datafield><datafield tag="534" ind1="0" ind2="0"><subfield code="i">Af indholdet (dvd)</subfield><subfield code="t">Joe bites the Big Apple - behind the scenes</subfield><subfield code="b"> (ca. 41 min.)</subfield></datafield><datafield tag="538" ind1="0" ind2="0"><subfield code="f">Provogue</subfield><subfield code="g">PRD 74719</subfield></datafield><datafield tag="652" ind1="0" ind2="0"><subfield code="m">78.794</subfield><subfield code="v">5</subfield></datafield><datafield tag="666" ind1="0" ind2="0"><subfield code="0"></subfield><subfield code="m">rock</subfield><subfield code="m">blues</subfield><subfield code="n">vokal</subfield><subfield code="n">guitar</subfield><subfield code="p">2010-2019</subfield><subfield code="l">USA</subfield></datafield><datafield tag="700" ind1="0" ind2="0"><subfield code="a">Bergman</subfield><subfield code="h">Tal</subfield></datafield><datafield tag="700" ind1="0" ind2="0"><subfield code="a">Castro</subfield><subfield code="h">Lenny</subfield></datafield><datafield tag="700" ind1="0" ind2="0"><subfield code="a">O'Connor</subfield><subfield code="h">Gerry</subfield></datafield><datafield tag="700" ind1="0" ind2="0"><subfield code="a">Rojas</subfield><subfield code="h">Carmine</subfield></datafield><datafield tag="700" ind1="0" ind2="0"><subfield code="a">Wester</subfield><subfield code="h">Mats</subfield></datafield><datafield tag="700" ind1="0" ind2="0"><subfield code="a">Wynans</subfield><subfield code="h">Reese</subfield></datafield><datafield tag="795" ind1="0" ind2="0"><subfield code="å">11</subfield><subfield code="a">I can't be satisfied</subfield><subfield code="z">USMH51500616</subfield></datafield><datafield tag="795" ind1="0" ind2="0"><subfield code="å">12</subfield><subfield code="a">One less cross to bear</subfield><subfield code="z">USMH51500617</subfield></datafield><datafield tag="795" ind1="0" ind2="0"><subfield code="å">13</subfield><subfield code="a">Living on the moon</subfield><subfield code="z">USMH51500618</subfield></datafield><datafield tag="795" ind1="0" ind2="0"><subfield code="å">14</subfield><subfield code="a">I gave up everything for you, 'cept the blues</subfield><subfield code="z">USMH51500619</subfield></datafield><datafield tag="795" ind1="0" ind2="0"><subfield code="å">15</subfield><subfield code="a">Dust bowl</subfield><subfield code="z">USMH51500620</subfield></datafield><datafield tag="795" ind1="0" ind2="0"><subfield code="å">16</subfield><subfield code="a">Trouble town</subfield><subfield code="z">USMH51500621</subfield></datafield><datafield tag="795" ind1="0" ind2="0"><subfield code="å">17</subfield><subfield code="a">Still water</subfield><subfield code="z">USMH51500622</subfield></datafield><datafield tag="795" ind1="0" ind2="0"><subfield code="å">18</subfield><subfield code="a">Different shades of blue</subfield><subfield code="z">USMH51500623</subfield></datafield><datafield tag="795" ind1="0" ind2="0"><subfield code="å">19</subfield><subfield code="a">Happier times</subfield><subfield code="z">USMH51500624</subfield></datafield><datafield tag="795" ind1="0" ind2="0"><subfield code="å">20</subfield><subfield code="a">Never give all your heart</subfield><subfield code="z">USMH51500625</subfield></datafield><datafield tag="795" ind1="0" ind2="0"><subfield code="å">21</subfield><subfield code="a">Hidden charms</subfield><subfield code="z">USMH51500626</subfield></datafield><datafield tag="795" ind1="0" ind2="0"><subfield code="å">22</subfield><subfield code="a">Love ain't a love song</subfield><subfield code="z">USMH51500627</subfield></datafield><datafield tag="795" ind1="0" ind2="0"><subfield code="å">23</subfield><subfield code="a">So, what would I do?</subfield><subfield code="z">USMH51500628</subfield></datafield><datafield tag="795" ind1="0" ind2="0"><subfield code="å">24</subfield><subfield code="a">Bite the Big Apple (titles)</subfield><subfield code="c">dvd</subfield></datafield><datafield tag="795" ind1="0" ind2="0"><subfield code="å">25</subfield><subfield code="a">Dust bowl</subfield><subfield code="c">dvd</subfield></datafield><datafield tag="795" ind1="0" ind2="0"><subfield code="å">26</subfield><subfield code="a">Trouble town</subfield><subfield code="c">dvd</subfield></datafield><datafield tag="795" ind1="0" ind2="0"><subfield code="å">27</subfield><subfield code="a">Still water</subfield><subfield code="c">dvd</subfield></datafield><datafield tag="795" ind1="0" ind2="0"><subfield code="å">28</subfield><subfield code="a">Different shades of blue</subfield><subfield code="c">dvd</subfield></datafield><datafield tag="795" ind1="0" ind2="0"><subfield code="å">29</subfield><subfield code="a">Black lung heartache</subfield><subfield code="c">dvd</subfield></datafield><datafield tag="795" ind1="0" ind2="0"><subfield code="å">30</subfield><subfield code="a">Happier times</subfield><subfield code="c">dvd</subfield></datafield><datafield tag="795" ind1="0" ind2="0"><subfield code="å">31</subfield><subfield code="a">Never give all your heart</subfield><subfield code="c">dvd</subfield></datafield><datafield tag="795" ind1="0" ind2="0"><subfield code="å">32</subfield><subfield code="a">Hidden charms</subfield><subfield code="c">dvd</subfield></datafield><datafield tag="795" ind1="0" ind2="0"><subfield code="å">33</subfield><subfield code="a">Living on the moon</subfield><subfield code="c">dvd</subfield></datafield><datafield tag="795" ind1="0" ind2="0"><subfield code="å">34</subfield><subfield code="a">I can't be satisfied</subfield><subfield code="c">dvd</subfield></datafield><datafield tag="795" ind1="0" ind2="0"><subfield code="å">35</subfield><subfield code="a">Double trouble</subfield><subfield code="c">dvd</subfield></datafield><datafield tag="795" ind1="0" ind2="0"><subfield code="å">36</subfield><subfield code="a">One less cross to bear</subfield><subfield code="c">dvd</subfield></datafield><datafield tag="795" ind1="0" ind2="0"><subfield code="å">37</subfield><subfield code="a">Love ain't a love song</subfield><subfield code="c">dvd</subfield></datafield><datafield tag="795" ind1="0" ind2="0"><subfield code="å">38</subfield><subfield code="a">I gave up everything for you, 'cept the blues</subfield><subfield code="c">dvd</subfield></datafield><datafield tag="795" ind1="0" ind2="0"><subfield code="å">39</subfield><subfield code="a">So, what would I do?</subfield><subfield code="c">dvd</subfield></datafield><datafield tag="795" ind1="0" ind2="0"><subfield code="å">99</subfield><subfield code="y">0</subfield><subfield code="a">1 less cross to bear</subfield><subfield code="a">1 less cross to bear</subfield><subfield code="c">dvd</subfield></datafield><datafield tag="996" ind1="0" ind2="0"><subfield code="a">DBC</subfield></datafield></record>