
<record xsi:schemaLocation="http://www.loc.gov/standards/iso25577/marcxchange-1-1.xsd" xmlns="info:lc/xmlns/marcxchange-v1" xmlns:xsi="http://www.w3.org/2001/XMLSchema-instance"><leader>00000n    2200000   4500</leader><datafield tag="001" ind1="0" ind2="0"><subfield code="a">45706702</subfield><subfield code="b">191919</subfield><subfield code="c">20150827151244</subfield><subfield code="d">20001116</subfield><subfield code="f">a</subfield></datafield><datafield tag="002" ind1="0" ind2="0"><subfield code="b">773000</subfield><subfield code="c">90067303</subfield><subfield code="x">77300090067303</subfield></datafield><datafield tag="004" ind1="0" ind2="0"><subfield code="r">c</subfield><subfield code="a">e</subfield></datafield><datafield tag="008" ind1="0" ind2="0"><subfield code="t">m</subfield><subfield code="a">2000</subfield><subfield code="l">eng</subfield><subfield code="v">0</subfield><subfield code="u">f</subfield><subfield code="b">us</subfield><subfield code="d">f</subfield></datafield><datafield tag="009" ind1="0" ind2="0"><subfield code="a">a</subfield><subfield code="g">xx</subfield></datafield><datafield tag="021" ind1="0" ind2="0"><subfield code="a">0-8153-0092-1</subfield></datafield><datafield tag="245" ind1="0" ind2="0"><subfield code="a">Encyclopedia of Eastern Europe</subfield><subfield code="c">from the congress of Vienna to the fall of communism</subfield><subfield code="e">edited by Richard Frucht</subfield></datafield><datafield tag="260" ind1="0" ind2="0"><subfield code="a">New York</subfield><subfield code="b">Garland Publishing</subfield><subfield code="c">2000</subfield></datafield><datafield tag="300" ind1="0" ind2="0"><subfield code="a">xiv, 958 sider</subfield></datafield><datafield tag="532" ind1="0" ind2="0"><subfield code="a">Med litteraturhenvisninger</subfield></datafield><datafield tag="652" ind1="0" ind2="0"><subfield code="m">91.947</subfield></datafield><datafield tag="652" ind1="0" ind2="0"><subfield code="p">30.247</subfield></datafield><datafield tag="666" ind1="0" ind2="0"><subfield code="e">Albanien</subfield></datafield><datafield tag="666" ind1="0" ind2="0"><subfield code="e">Bulgarien</subfield></datafield><datafield tag="666" ind1="0" ind2="0"><subfield code="e">Ungarn</subfield></datafield><datafield tag="666" ind1="0" ind2="0"><subfield code="o">leksika</subfield></datafield><datafield tag="666" ind1="0" ind2="0"><subfield code="e">Østeuropa</subfield></datafield><datafield tag="666" ind1="0" ind2="0"><subfield code="f">historie</subfield></datafield><datafield tag="666" ind1="0" ind2="0"><subfield code="e">Slovakiet</subfield></datafield><datafield tag="666" ind1="0" ind2="0"><subfield code="e">Tjekkiet</subfield></datafield><datafield tag="666" ind1="0" ind2="0"><subfield code="e">Rumænien</subfield></datafield><datafield tag="666" ind1="0" ind2="0"><subfield code="e">Polen</subfield></datafield><datafield tag="700" ind1="0" ind2="0"><subfield code="a">Frucht</subfield><subfield code="h">Richard</subfield></datafield><datafield tag="996" ind1="0" ind2="0"><subfield code="a">773000</subfield></datafield></record>