
<marcx:record format="danMARC2" type="Bibliographic" xmlns:marcx="info:lc/xmlns/marcxchange-v1"><marcx:leader>00000n    2200000   4500</marcx:leader><marcx:datafield tag="001" ind1="0" ind2="0"><marcx:subfield code="a">41981261</marcx:subfield><marcx:subfield code="b">191919</marcx:subfield><marcx:subfield code="c">19990510214011</marcx:subfield><marcx:subfield code="d">19990510</marcx:subfield><marcx:subfield code="f">a</marcx:subfield></marcx:datafield><marcx:datafield tag="002" ind1="0" ind2="0"><marcx:subfield code="b">736900</marcx:subfield><marcx:subfield code="c">90313789</marcx:subfield><marcx:subfield code="x">73690090313789</marcx:subfield></marcx:datafield><marcx:datafield tag="004" ind1="0" ind2="0"><marcx:subfield code="r">n</marcx:subfield><marcx:subfield code="a">e</marcx:subfield></marcx:datafield><marcx:datafield tag="008" ind1="0" ind2="0"><marcx:subfield code="t">s</marcx:subfield><marcx:subfield code="v">4</marcx:subfield></marcx:datafield><marcx:datafield tag="009" ind1="0" ind2="0"><marcx:subfield code="a">s</marcx:subfield><marcx:subfield code="g">xh</marcx:subfield></marcx:datafield><marcx:datafield tag="039" ind1="0" ind2="0"><marcx:subfield code="a">opr</marcx:subfield></marcx:datafield><marcx:datafield tag="100" ind1="0" ind2="0"><marcx:subfield code="a">Vaughan Williams</marcx:subfield><marcx:subfield code="h">Ralph</marcx:subfield></marcx:datafield><marcx:datafield tag="245" ind1="0" ind2="0"><marcx:subfield code="a">Riders to the sea</marcx:subfield><marcx:subfield code="e">solister: Norma Burrowes, Margaret Price, Helen Watts, Pauline Stevens, Benjamin Luxon ... et al.</marcx:subfield><marcx:subfield code="e">kvindestemmer fra Ambrosian-Sangerne</marcx:subfield><marcx:subfield code="e">Orchestra Nova, London</marcx:subfield><marcx:subfield code="e">dirigent: Meredith Davies</marcx:subfield><marcx:subfield code="ø">Davies</marcx:subfield></marcx:datafield><marcx:datafield tag="260" ind1="0" ind2="0"><marcx:subfield code="b">EMI</marcx:subfield></marcx:datafield><marcx:datafield tag="300" ind1="0" ind2="0"><marcx:subfield code="n">1 kassettebånd</marcx:subfield><marcx:subfield code="b">Dolby</marcx:subfield></marcx:datafield><marcx:datafield tag="440" ind1="0" ind2="0"><marcx:subfield code="a">Greensleeve</marcx:subfield><marcx:subfield code="o">English heritage series</marcx:subfield></marcx:datafield><marcx:datafield tag="531" ind1="0" ind2="0"><marcx:subfield code="a">Indeholder også:</marcx:subfield></marcx:datafield><marcx:datafield tag="538" ind1="0" ind2="0"><marcx:subfield code="f">EMI</marcx:subfield><marcx:subfield code="g">TC-ESD 1782994</marcx:subfield></marcx:datafield><marcx:datafield tag="652" ind1="0" ind2="0"><marcx:subfield code="m">78.81</marcx:subfield><marcx:subfield code="v">2</marcx:subfield></marcx:datafield><marcx:datafield tag="652" ind1="0" ind2="0"><marcx:subfield code="å">11</marcx:subfield><marcx:subfield code="i">78.652</marcx:subfield></marcx:datafield><marcx:datafield tag="666" ind1="0" ind2="0"><marcx:subfield code="m">senromantik</marcx:subfield><marcx:subfield code="m">opera</marcx:subfield><marcx:subfield code="m">folkesang</marcx:subfield><marcx:subfield code="n">vokal</marcx:subfield><marcx:subfield code="n">vokal</marcx:subfield><marcx:subfield code="p">1900-1909</marcx:subfield><marcx:subfield code="p">1910-1919</marcx:subfield><marcx:subfield code="p">1920-1929</marcx:subfield><marcx:subfield code="p">1930-1939</marcx:subfield><marcx:subfield code="p">1950-1959</marcx:subfield><marcx:subfield code="l">England</marcx:subfield></marcx:datafield><marcx:datafield tag="700" ind1="0" ind2="0"><marcx:subfield code="a">Burrowes</marcx:subfield><marcx:subfield code="h">Norma</marcx:subfield></marcx:datafield><marcx:datafield tag="700" ind1="0" ind2="0"><marcx:subfield code="a">Price</marcx:subfield><marcx:subfield code="h">Margaret</marcx:subfield></marcx:datafield><marcx:datafield tag="700" ind1="0" ind2="0"><marcx:subfield code="a">Watts</marcx:subfield><marcx:subfield code="h">Helen</marcx:subfield></marcx:datafield><marcx:datafield tag="700" ind1="0" ind2="0"><marcx:subfield code="a">Stevens</marcx:subfield><marcx:subfield code="h">Pauline</marcx:subfield></marcx:datafield><marcx:datafield tag="700" ind1="0" ind2="0"><marcx:subfield code="a">Luxon</marcx:subfield><marcx:subfield code="h">Benjamin</marcx:subfield></marcx:datafield><marcx:datafield tag="700" ind1="0" ind2="0"><marcx:subfield code="a">Davies</marcx:subfield><marcx:subfield code="h">Meredith</marcx:subfield></marcx:datafield><marcx:datafield tag="700" ind1="0" ind2="0"><marcx:subfield code="a">Partridge</marcx:subfield><marcx:subfield code="h">Ian</marcx:subfield></marcx:datafield><marcx:datafield tag="700" ind1="0" ind2="0"><marcx:subfield code="a">Shaw</marcx:subfield><marcx:subfield code="h">Geoffrey</marcx:subfield></marcx:datafield><marcx:datafield tag="700" ind1="0" ind2="0"><marcx:subfield code="a">Keyte</marcx:subfield><marcx:subfield code="h">Christopher</marcx:subfield></marcx:datafield><marcx:datafield tag="700" ind1="0" ind2="0"><marcx:subfield code="a">Longfield</marcx:subfield><marcx:subfield code="h">Susan</marcx:subfield></marcx:datafield><marcx:datafield tag="700" ind1="0" ind2="0"><marcx:subfield code="a">Bishop</marcx:subfield><marcx:subfield code="h">Christopher</marcx:subfield></marcx:datafield><marcx:datafield tag="710" ind1="0" ind2="0"><marcx:subfield code="a">Ambrosian-Sangerne</marcx:subfield></marcx:datafield><marcx:datafield tag="710" ind1="0" ind2="0"><marcx:subfield code="a">Orchestre Nova</marcx:subfield></marcx:datafield><marcx:datafield tag="710" ind1="0" ind2="0"><marcx:subfield code="a">London Madrigal Singers</marcx:subfield></marcx:datafield><marcx:datafield tag="770" ind1="0" ind2="0"><marcx:subfield code="å">11</marcx:subfield><marcx:subfield code="a">Vaughan Williams</marcx:subfield><marcx:subfield code="h">Ralph</marcx:subfield></marcx:datafield><marcx:datafield tag="795" ind1="0" ind2="0"><marcx:subfield code="å">11</marcx:subfield><marcx:subfield code="a">Folksongs (Bushes and briars ; Loch Lomond / Ian Partridge, tenor ; John Dory ; Greensleeves ; Ward, the pirate ; Ca' the yowes / Ian Partridge, tenor ; The unquiet grave ; The seeds of love / Geoffrey Shaw, bas ; Early in the spring ; The turtle dove / Christopher Keyte, bas ; An ¤ac¤Dre of land / Susan Longfield, sopran)</marcx:subfield><marcx:subfield code="e">arrangeret af Ralph Vaughan Williams</marcx:subfield><marcx:subfield code="e">London Madrigal Singers</marcx:subfield><marcx:subfield code="e">dirigent: Christopher Bishop</marcx:subfield></marcx:datafield><marcx:datafield tag="795" ind1="0" ind2="0"><marcx:subfield code="å">40</marcx:subfield><marcx:subfield code="y">0</marcx:subfield><marcx:subfield code="a">Bushes and briars</marcx:subfield><marcx:subfield code="a">Loch Lomond</marcx:subfield><marcx:subfield code="a">John Dory</marcx:subfield><marcx:subfield code="a">Greensleeves</marcx:subfield><marcx:subfield code="a">Ward, the pirate</marcx:subfield><marcx:subfield code="a">Ca' the yowes</marcx:subfield><marcx:subfield code="a">The ¤unquiet grave</marcx:subfield><marcx:subfield code="a">The ¤seeds of love</marcx:subfield><marcx:subfield code="a">Early in the spring</marcx:subfield><marcx:subfield code="a">The ¤turtle dove</marcx:subfield><marcx:subfield code="a">An ¤acre of land</marcx:subfield></marcx:datafield><marcx:datafield tag="900" ind1="0" ind2="0"><marcx:subfield code="a">Williams</marcx:subfield><marcx:subfield code="h">Ralph Vaughan</marcx:subfield><marcx:subfield code="z">100</marcx:subfield></marcx:datafield><marcx:datafield tag="996" ind1="0" ind2="0"><marcx:subfield code="a">736900</marcx:subfield></marcx:datafield></marcx:record>