
<record xsi:schemaLocation="http://www.loc.gov/standards/iso25577/marcxchange-1-1.xsd" xmlns="info:lc/xmlns/marcxchange-v1" xmlns:xsi="http://www.w3.org/2001/XMLSchema-instance"><leader>00000n    2200000   4500</leader><datafield tag="001" ind1="0" ind2="0"><subfield code="a">45706710</subfield><subfield code="b">191919</subfield><subfield code="c">20150827151249</subfield><subfield code="d">20010830</subfield><subfield code="f">a</subfield></datafield><datafield tag="002" ind1="0" ind2="0"><subfield code="b">773000</subfield><subfield code="c">90074938</subfield><subfield code="x">77300090074938</subfield></datafield><datafield tag="004" ind1="0" ind2="0"><subfield code="r">c</subfield><subfield code="a">e</subfield></datafield><datafield tag="008" ind1="0" ind2="0"><subfield code="t">m</subfield><subfield code="a">2001</subfield><subfield code="b">gb</subfield><subfield code="j">f</subfield><subfield code="l">eng</subfield><subfield code="v">0</subfield></datafield><datafield tag="009" ind1="0" ind2="0"><subfield code="a">a</subfield><subfield code="g">xx</subfield></datafield><datafield tag="021" ind1="0" ind2="0"><subfield code="a">0-582-43563-3</subfield></datafield><datafield tag="100" ind1="0" ind2="0"><subfield code="a">Viney</subfield><subfield code="h">Brigit</subfield></datafield><datafield tag="245" ind1="0" ind2="0"><subfield code="a">French fashion designers</subfield><subfield code="e">Brigit Viney</subfield><subfield code="e">series editor: Andy Hopkins and Jocelyn Potter</subfield></datafield><datafield tag="260" ind1="0" ind2="0"><subfield code="a">Harlow</subfield><subfield code="b">Pearson Education</subfield><subfield code="c">2001</subfield></datafield><datafield tag="300" ind1="0" ind2="0"><subfield code="a">iv, 27 sider</subfield><subfield code="b">ill. i farver</subfield></datafield><datafield tag="440" ind1="0" ind2="0"><subfield code="a">Penguin readers</subfield><subfield code="o">Level 2</subfield></datafield><datafield tag="517" ind1="0" ind2="0"><subfield code="a">Forenklet udgave med ca. 600 ord</subfield></datafield><datafield tag="532" ind1="0" ind2="0"><subfield code="a">Activities: side 27</subfield></datafield><datafield tag="652" ind1="0" ind2="0"><subfield code="m">68.809</subfield></datafield><datafield tag="666" ind1="0" ind2="0"><subfield code="f">mode</subfield></datafield><datafield tag="666" ind1="0" ind2="0"><subfield code="f">designere</subfield></datafield><datafield tag="666" ind1="0" ind2="0"><subfield code="f">modeskabere</subfield></datafield><datafield tag="666" ind1="0" ind2="0"><subfield code="e">Frankrig</subfield></datafield><datafield tag="996" ind1="0" ind2="0"><subfield code="a">773000</subfield></datafield></record>