
<record xsi:schemaLocation="http://www.loc.gov/standards/iso25577/marcxchange-1-1.xsd" xmlns="info:lc/xmlns/marcxchange-v1" xmlns:xsi="http://www.w3.org/2001/XMLSchema-instance"><leader>00000n    2200000   4500</leader><datafield tag="001" ind1="0" ind2="0"><subfield code="a">45706729</subfield><subfield code="b">191919</subfield><subfield code="c">20150827151250</subfield><subfield code="d">20010828</subfield><subfield code="f">a</subfield></datafield><datafield tag="002" ind1="0" ind2="0"><subfield code="b">773000</subfield><subfield code="c">90074946</subfield><subfield code="x">77300090074946</subfield></datafield><datafield tag="004" ind1="0" ind2="0"><subfield code="r">c</subfield><subfield code="a">e</subfield></datafield><datafield tag="008" ind1="0" ind2="0"><subfield code="t">m</subfield><subfield code="u">f</subfield><subfield code="a">2001</subfield><subfield code="b">us</subfield><subfield code="l">eng</subfield><subfield code="v">0</subfield></datafield><datafield tag="009" ind1="0" ind2="0"><subfield code="a">a</subfield><subfield code="g">xx</subfield></datafield><datafield tag="021" ind1="0" ind2="0"><subfield code="a">0-89879-996-1</subfield></datafield><datafield tag="100" ind1="0" ind2="0"><subfield code="a">Moulton</subfield><subfield code="h">Candy Vyvey</subfield><subfield code="c">f.1955-</subfield></datafield><datafield tag="245" ind1="0" ind2="0"><subfield code="a">Everyday life among the American Indians</subfield><subfield code="c">1800 to 1900</subfield><subfield code="e">Candy Moulton</subfield></datafield><datafield tag="260" ind1="0" ind2="0"><subfield code="a">Ohio</subfield><subfield code="b">Writer's Digest</subfield><subfield code="c">2001</subfield></datafield><datafield tag="300" ind1="0" ind2="0"><subfield code="a">273 sider</subfield><subfield code="b">ill., kort</subfield></datafield><datafield tag="512" ind1="0" ind2="0"><subfield code="a">På omslaget: A guide for writers, students &amp; historians</subfield></datafield><datafield tag="532" ind1="0" ind2="0"><subfield code="a">Bibliografi side: 257</subfield></datafield><datafield tag="532" ind1="0" ind2="0"><subfield code="a">Med litteraturhenvisninger</subfield></datafield><datafield tag="652" ind1="0" ind2="0"><subfield code="m">98.638</subfield></datafield><datafield tag="666" ind1="0" ind2="0"><subfield code="f">indianere</subfield></datafield><datafield tag="666" ind1="0" ind2="0"><subfield code="e">Nordamerika</subfield></datafield><datafield tag="666" ind1="0" ind2="0"><subfield code="f">historie</subfield></datafield><datafield tag="666" ind1="0" ind2="0"><subfield code="i">1800-1899</subfield></datafield><datafield tag="666" ind1="0" ind2="0"><subfield code="f">levevis</subfield></datafield><datafield tag="996" ind1="0" ind2="0"><subfield code="a">773000</subfield></datafield></record>