
<record xsi:schemaLocation="http://www.loc.gov/standards/iso25577/marcxchange-1-1.xsd" xmlns="info:lc/xmlns/marcxchange-v1" xmlns:xsi="http://www.w3.org/2001/XMLSchema-instance"><leader>00000n    2200000   4500</leader><datafield tag="001" ind1="0" ind2="0"><subfield code="a">45706737</subfield><subfield code="b">191919</subfield><subfield code="c">20150827151251</subfield><subfield code="d">20020808</subfield><subfield code="f">a</subfield></datafield><datafield tag="002" ind1="0" ind2="0"><subfield code="b">773000</subfield><subfield code="c">90083481</subfield><subfield code="x">77300090083481</subfield></datafield><datafield tag="004" ind1="0" ind2="0"><subfield code="a">e</subfield><subfield code="r">c</subfield></datafield><datafield tag="008" ind1="0" ind2="0"><subfield code="t">m</subfield><subfield code="u">f</subfield><subfield code="a">2001</subfield><subfield code="b">no</subfield><subfield code="l">nor</subfield><subfield code="v">0</subfield></datafield><datafield tag="009" ind1="0" ind2="0"><subfield code="a">a</subfield><subfield code="g">xx</subfield></datafield><datafield tag="021" ind1="0" ind2="0"><subfield code="a">82-995960-0-9</subfield></datafield><datafield tag="100" ind1="0" ind2="0"><subfield code="a">Monsen</subfield><subfield code="h">Kenneth Ø.</subfield></datafield><datafield tag="245" ind1="0" ind2="0"><subfield code="a">Turar på Radøy</subfield><subfield code="e">Kenneth Ø. Monsen</subfield></datafield><datafield tag="260" ind1="0" ind2="0"><subfield code="a">Radøy</subfield><subfield code="b">Radøy Kommune</subfield><subfield code="c">2001</subfield></datafield><datafield tag="300" ind1="0" ind2="0"><subfield code="a">79 sider</subfield><subfield code="b">ill. i farver</subfield></datafield><datafield tag="534" ind1="0" ind2="0"><subfield code="a">English summary: side 76-77</subfield></datafield><datafield tag="534" ind1="0" ind2="0"><subfield code="a">Deutsch Zusammenfassung: side 78-79</subfield></datafield><datafield tag="631" ind1="0" ind2="0"><subfield code="f">Radøy</subfield></datafield><datafield tag="631" ind1="0" ind2="0"><subfield code="f">Hordaland</subfield></datafield><datafield tag="652" ind1="0" ind2="0"><subfield code="m">45.4</subfield><subfield code="b">Radøy</subfield></datafield><datafield tag="666" ind1="0" ind2="0"><subfield code="e">Norge</subfield></datafield><datafield tag="666" ind1="0" ind2="0"><subfield code="f">turforslag</subfield></datafield><datafield tag="996" ind1="0" ind2="0"><subfield code="a">773000</subfield></datafield></record>