
<marcx:record format="danMARC2" type="Bibliographic" xmlns:marcx="info:lc/xmlns/marcxchange-v1"><marcx:leader>00000n    2200000   4500</marcx:leader><marcx:datafield tag="001" ind1="0" ind2="0"><marcx:subfield code="a">42757411</marcx:subfield><marcx:subfield code="b">191919</marcx:subfield><marcx:subfield code="c">20011130022449</marcx:subfield><marcx:subfield code="d">20011130</marcx:subfield><marcx:subfield code="f">a</marcx:subfield></marcx:datafield><marcx:datafield tag="002" ind1="0" ind2="0"><marcx:subfield code="b">710100</marcx:subfield><marcx:subfield code="c">91257343</marcx:subfield><marcx:subfield code="x">71010091257343</marcx:subfield></marcx:datafield><marcx:datafield tag="004" ind1="0" ind2="0"><marcx:subfield code="r">n</marcx:subfield><marcx:subfield code="a">e</marcx:subfield></marcx:datafield><marcx:datafield tag="008" ind1="0" ind2="0"><marcx:subfield code="t">m</marcx:subfield><marcx:subfield code="u">r</marcx:subfield><marcx:subfield code="a">2000</marcx:subfield><marcx:subfield code="z">2000</marcx:subfield><marcx:subfield code="b">de</marcx:subfield><marcx:subfield code="j">f</marcx:subfield><marcx:subfield code="l">ger</marcx:subfield><marcx:subfield code="v">0</marcx:subfield></marcx:datafield><marcx:datafield tag="009" ind1="0" ind2="0"><marcx:subfield code="a">a</marcx:subfield><marcx:subfield code="g">xx</marcx:subfield></marcx:datafield><marcx:datafield tag="021" ind1="0" ind2="0"><marcx:subfield code="a">3-203-75260-3</marcx:subfield></marcx:datafield><marcx:datafield tag="100" ind1="0" ind2="0"><marcx:subfield code="a">Özdogan</marcx:subfield><marcx:subfield code="h">Selim</marcx:subfield></marcx:datafield><marcx:datafield tag="245" ind1="0" ind2="0"><marcx:subfield code="a">Im Juli</marcx:subfield><marcx:subfield code="c">Roman</marcx:subfield><marcx:subfield code="e">Selim Özdogan</marcx:subfield></marcx:datafield><marcx:datafield tag="250" ind1="0" ind2="0"><marcx:subfield code="x">2. Auflage</marcx:subfield></marcx:datafield><marcx:datafield tag="260" ind1="0" ind2="0"><marcx:subfield code="a">Hamburg</marcx:subfield><marcx:subfield code="b">Europa Verlag</marcx:subfield><marcx:subfield code="c">2000</marcx:subfield></marcx:datafield><marcx:datafield tag="300" ind1="0" ind2="0"><marcx:subfield code="a">187 sider</marcx:subfield></marcx:datafield><marcx:datafield tag="520" ind1="0" ind2="0"><marcx:subfield code="a">Originaludgave: 2000</marcx:subfield></marcx:datafield><marcx:datafield tag="652" ind1="0" ind2="0"><marcx:subfield code="m">84</marcx:subfield></marcx:datafield><marcx:datafield tag="996" ind1="0" ind2="0"><marcx:subfield code="a">710100</marcx:subfield></marcx:datafield></marcx:record>