
<record xsi:schemaLocation="http://www.loc.gov/standards/iso25577/marcxchange-1-1.xsd" xmlns="info:lc/xmlns/marcxchange-v1" xmlns:xsi="http://www.w3.org/2001/XMLSchema-instance"><leader>00000n    2200000   4500</leader><datafield tag="001" ind1="0" ind2="0"><subfield code="a">45706745</subfield><subfield code="b">191919</subfield><subfield code="c">20150827151251</subfield><subfield code="d">20000101</subfield><subfield code="f">a</subfield></datafield><datafield tag="002" ind1="0" ind2="0"><subfield code="b">773000</subfield><subfield code="c">90088408</subfield><subfield code="x">77300090088408</subfield></datafield><datafield tag="004" ind1="0" ind2="0"><subfield code="a">e</subfield><subfield code="r">c</subfield></datafield><datafield tag="008" ind1="0" ind2="0"><subfield code="t">m</subfield><subfield code="v">0</subfield><subfield code="u">f</subfield><subfield code="a">1992</subfield><subfield code="b">no</subfield><subfield code="l">nor</subfield></datafield><datafield tag="009" ind1="0" ind2="0"><subfield code="a">a</subfield><subfield code="g">xx</subfield></datafield><datafield tag="021" ind1="0" ind2="0"><subfield code="a">82-514-0400-2</subfield></datafield><datafield tag="100" ind1="0" ind2="0"><subfield code="a">Stꜳlesen</subfield><subfield code="h">Gunnar</subfield></datafield><datafield tag="245" ind1="0" ind2="0"><subfield code="a">Varg Veums Bergen</subfield><subfield code="c">en annerledes Bergensguide</subfield><subfield code="e">Gunnar Stꜳlesen</subfield><subfield code="f">illustrert av Harald E. Tørresen</subfield></datafield><datafield tag="260" ind1="0" ind2="0"><subfield code="a">Bergen</subfield><subfield code="b">Eide</subfield><subfield code="c">1992</subfield></datafield><datafield tag="300" ind1="0" ind2="0"><subfield code="a">141 sider</subfield><subfield code="b">ill.</subfield></datafield><datafield tag="530" ind1="0" ind2="0"><subfield code="a">Indhold: Side 99-139: Ved enden av korridoren - novelle.</subfield></datafield><datafield tag="532" ind1="0" ind2="0"><subfield code="a">Noter og kilder: side 140-141.</subfield></datafield><datafield tag="652" ind1="0" ind2="0"><subfield code="m">45.4</subfield><subfield code="b">Bergen</subfield></datafield><datafield tag="996" ind1="0" ind2="0"><subfield code="a">773000</subfield></datafield></record>