
<record xsi:schemaLocation="http://www.loc.gov/standards/iso25577/marcxchange-1-1.xsd" xmlns="info:lc/xmlns/marcxchange-v1" xmlns:xsi="http://www.w3.org/2001/XMLSchema-instance"><leader>00000n    2200000   4500</leader><datafield tag="001" ind1="0" ind2="0"><subfield code="a">45706753</subfield><subfield code="b">191919</subfield><subfield code="c">20150827151256</subfield><subfield code="d">20051214</subfield><subfield code="f">a</subfield></datafield><datafield tag="002" ind1="0" ind2="0"><subfield code="b">773000</subfield><subfield code="c">90279289</subfield><subfield code="x">77300090279289</subfield></datafield><datafield tag="004" ind1="0" ind2="0"><subfield code="a">e</subfield><subfield code="r">c</subfield></datafield><datafield tag="008" ind1="0" ind2="0"><subfield code="t">m</subfield><subfield code="u">f</subfield><subfield code="a">2004</subfield><subfield code="b">gb</subfield><subfield code="l">eng</subfield><subfield code="v">0</subfield></datafield><datafield tag="009" ind1="0" ind2="0"><subfield code="a">a</subfield><subfield code="g">xx</subfield></datafield><datafield tag="021" ind1="0" ind2="0"><subfield code="a">0-340-88371-5</subfield></datafield><datafield tag="100" ind1="0" ind2="0"><subfield code="a">Codell</subfield><subfield code="h">Esmé Raji</subfield></datafield><datafield tag="245" ind1="0" ind2="0"><subfield code="a">Sahara special</subfield><subfield code="e">Esmé Raji Codell</subfield></datafield><datafield tag="260" ind1="0" ind2="0"><subfield code="a">London</subfield><subfield code="b">Hodder Children's books</subfield><subfield code="c">2004</subfield></datafield><datafield tag="300" ind1="0" ind2="0"><subfield code="a">181 sider</subfield></datafield><datafield tag="520" ind1="0" ind2="0"><subfield code="a">Originaludgave: 2003</subfield></datafield><datafield tag="652" ind1="0" ind2="0"><subfield code="m">83</subfield></datafield><datafield tag="900" ind1="0" ind2="0"><subfield code="a">Raji Codell</subfield><subfield code="h">Esmé</subfield><subfield code="x">se</subfield><subfield code="z">100</subfield></datafield><datafield tag="996" ind1="0" ind2="0"><subfield code="a">773000</subfield></datafield></record>