
<record xsi:schemaLocation="http://www.loc.gov/standards/iso25577/marcxchange-1-1.xsd" xmlns="info:lc/xmlns/marcxchange-v1" xmlns:xsi="http://www.w3.org/2001/XMLSchema-instance"><leader>00000n    2200000   4500</leader><datafield tag="001" ind1="0" ind2="0"><subfield code="a">45706761</subfield><subfield code="b">191919</subfield><subfield code="c">20150827151257</subfield><subfield code="d">20150820</subfield><subfield code="f">a</subfield></datafield><datafield tag="002" ind1="0" ind2="0"><subfield code="b">773000</subfield><subfield code="c">90683829</subfield><subfield code="x">77300090683829</subfield></datafield><datafield tag="004" ind1="0" ind2="0"><subfield code="r">c</subfield><subfield code="a">e</subfield></datafield><datafield tag="008" ind1="0" ind2="0"><subfield code="t">s</subfield><subfield code="u">f</subfield><subfield code="a">2015</subfield><subfield code="b">gb</subfield><subfield code="l">eng</subfield><subfield code="v">0</subfield></datafield><datafield tag="009" ind1="0" ind2="0"><subfield code="a">s</subfield><subfield code="g">xk</subfield></datafield><datafield tag="039" ind1="0" ind2="0"><subfield code="a">bef</subfield></datafield><datafield tag="100" ind1="0" ind2="0"><subfield code="a">Four Tet</subfield></datafield><datafield tag="245" ind1="0" ind2="0"><subfield code="a">Morning/evening</subfield><subfield code="e">Four Tet (Kieran Hebden) ... [et al.]</subfield></datafield><datafield tag="260" ind1="0" ind2="0"><subfield code="b">Text Records</subfield><subfield code="c">p 2015</subfield></datafield><datafield tag="300" ind1="0" ind2="0"><subfield code="n">1 grammofonplade</subfield></datafield><datafield tag="531" ind1="0" ind2="0"><subfield code="a">Indhold:</subfield></datafield><datafield tag="538" ind1="0" ind2="0"><subfield code="f">Text</subfield><subfield code="g">TEXT036</subfield></datafield><datafield tag="652" ind1="0" ind2="0"><subfield code="m">78.794</subfield><subfield code="v">5</subfield></datafield><datafield tag="666" ind1="0" ind2="0"><subfield code="m">electronica</subfield><subfield code="m">house</subfield><subfield code="m">minimalisme</subfield><subfield code="n">instrumental</subfield><subfield code="p">2010-2019</subfield><subfield code="l">England</subfield></datafield><datafield tag="795" ind1="0" ind2="0"><subfield code="å">11</subfield><subfield code="a">Morning Side</subfield></datafield><datafield tag="795" ind1="0" ind2="0"><subfield code="å">12</subfield><subfield code="a">Evening Side</subfield></datafield><datafield tag="900" ind1="0" ind2="0"><subfield code="a">Hebden</subfield><subfield code="h">Kieran</subfield><subfield code="x">se</subfield><subfield code="z">100</subfield></datafield><datafield tag="900" ind1="0" ind2="0"><subfield code="a">4 Tet</subfield><subfield code="x">se</subfield><subfield code="z">100</subfield></datafield><datafield tag="996" ind1="0" ind2="0"><subfield code="a">773000</subfield></datafield></record>