
<record xsi:schemaLocation="http://www.loc.gov/standards/iso25577/marcxchange-1-1.xsd" xmlns="info:lc/xmlns/marcxchange-v1" xmlns:xsi="http://www.w3.org/2001/XMLSchema-instance"><leader>00000n    2200000   4500</leader><datafield tag="001" ind1="0" ind2="0"><subfield code="a">45706788</subfield><subfield code="b">191919</subfield><subfield code="c">20150827151402</subfield><subfield code="d">20150827</subfield><subfield code="f">a</subfield></datafield><datafield tag="002" ind1="0" ind2="0"><subfield code="b">716700</subfield><subfield code="c">90496204</subfield><subfield code="x">71670090496204</subfield></datafield><datafield tag="004" ind1="0" ind2="0"><subfield code="a">e</subfield><subfield code="r">c</subfield></datafield><datafield tag="008" ind1="0" ind2="0"><subfield code="t">m</subfield><subfield code="v">0</subfield><subfield code="a">2013</subfield><subfield code="b">us</subfield><subfield code="j">f</subfield><subfield code="l">eng</subfield><subfield code="d">x</subfield></datafield><datafield tag="009" ind1="0" ind2="0"><subfield code="a">a</subfield><subfield code="g">xx</subfield></datafield><datafield tag="021" ind1="0" ind2="0"><subfield code="e">9780515151350</subfield></datafield><datafield tag="100" ind1="0" ind2="0"><subfield code="a">Davidson</subfield><subfield code="h">MareJanice</subfield><subfield code="4">aut</subfield></datafield><datafield tag="245" ind1="0" ind2="0"><subfield code="a">Undead and unstable</subfield></datafield><datafield tag="260" ind1="0" ind2="0"><subfield code="a">New York</subfield><subfield code="b">Jove</subfield><subfield code="c">2013</subfield></datafield><datafield tag="300" ind1="0" ind2="0"><subfield code="a">xx, 325 sider</subfield></datafield><datafield tag="440" ind1="0" ind2="0"><subfield code="a">Undead</subfield><subfield code="v">Book 11</subfield></datafield><datafield tag="504" ind1="0" ind2="0"><subfield code="a">Betsy Taylor is determined to change the future for herself and her loved ones, but her actions could have life-shattering repercussions. That's to be expected when a friend returns from the dead, her sister happens to be the Antichrist, and her mother is the devil</subfield></datafield><datafield tag="652" ind1="0" ind2="0"><subfield code="m">83.8</subfield></datafield><datafield tag="666" ind1="0" ind2="0"><subfield code="s">vampyrer</subfield></datafield><datafield tag="900" ind1="0" ind2="0"><subfield code="a">Janice Davidson</subfield><subfield code="h">Mary</subfield><subfield code="x">se</subfield><subfield code="z">100</subfield></datafield><datafield tag="996" ind1="0" ind2="0"><subfield code="a">716700</subfield></datafield></record>