
<marcx:record format="danMARC2" type="Bibliographic" xmlns:marcx="info:lc/xmlns/marcxchange-v1"><marcx:leader>00000n    2200000   4500</marcx:leader><marcx:datafield tag="001" ind1="0" ind2="0"><marcx:subfield code="a">22369733</marcx:subfield><marcx:subfield code="b">191919</marcx:subfield><marcx:subfield code="c">19990218105152</marcx:subfield><marcx:subfield code="d">19990211</marcx:subfield><marcx:subfield code="f">a</marcx:subfield></marcx:datafield><marcx:datafield tag="004" ind1="0" ind2="0"><marcx:subfield code="r">n</marcx:subfield><marcx:subfield code="a">e</marcx:subfield></marcx:datafield><marcx:datafield tag="008" ind1="0" ind2="0"><marcx:subfield code="t">m</marcx:subfield><marcx:subfield code="u">f</marcx:subfield><marcx:subfield code="a">1999</marcx:subfield><marcx:subfield code="b">dk</marcx:subfield><marcx:subfield code="l">eng</marcx:subfield><marcx:subfield code="v">0</marcx:subfield></marcx:datafield><marcx:datafield tag="009" ind1="0" ind2="0"><marcx:subfield code="a">m</marcx:subfield><marcx:subfield code="g">nh</marcx:subfield><marcx:subfield code="b">a</marcx:subfield><marcx:subfield code="h">xx</marcx:subfield></marcx:datafield><marcx:datafield tag="021" ind1="0" ind2="0"><marcx:subfield code="n">09873701</marcx:subfield><marcx:subfield code="d">Kr. 250,00</marcx:subfield><marcx:subfield code="b">brugsretskategori: D</marcx:subfield></marcx:datafield><marcx:datafield tag="032" ind1="0" ind2="0"><marcx:subfield code="x">DAT199913</marcx:subfield></marcx:datafield><marcx:datafield tag="245" ind1="0" ind2="0"><marcx:subfield code="a">Rudolf Nureyev</marcx:subfield><marcx:subfield code="e">producer &amp; director Patricia Foy</marcx:subfield></marcx:datafield><marcx:datafield tag="260" ind1="0" ind2="0"><marcx:subfield code="a">[Kbh.]</marcx:subfield><marcx:subfield code="b">[Art Galore]</marcx:subfield><marcx:subfield code="f">[Ballerup]</marcx:subfield><marcx:subfield code="g">distribution: DBC medier</marcx:subfield><marcx:subfield code="c">[1999]</marcx:subfield></marcx:datafield><marcx:datafield tag="300" ind1="0" ind2="0"><marcx:subfield code="n">1 kassette</marcx:subfield><marcx:subfield code="e">VHS</marcx:subfield><marcx:subfield code="l">90 min.</marcx:subfield><marcx:subfield code="b">farve med sort-hvide sekvenser</marcx:subfield><marcx:subfield code="d">1 hæfte</marcx:subfield></marcx:datafield><marcx:datafield tag="440" ind1="0" ind2="0"><marcx:subfield code="0"/><marcx:subfield code="a">The ¤great ballet collection</marcx:subfield></marcx:datafield><marcx:datafield tag="508" ind1="0" ind2="0"><marcx:subfield code="a">Engelsk tale</marcx:subfield></marcx:datafield><marcx:datafield tag="512" ind1="0" ind2="0"><marcx:subfield code="i">Filmtitel</marcx:subfield><marcx:subfield code="t">Nureyev</marcx:subfield></marcx:datafield><marcx:datafield tag="520" ind1="0" ind2="0"><marcx:subfield code="a">Produceret af Antelope Production i samarbejde med Orfeo Films, Radio Telefis Eireann og Reiner Moritz Associates i 1991</marcx:subfield></marcx:datafield><marcx:datafield tag="652" ind1="0" ind2="0"><marcx:subfield code="å">1</marcx:subfield><marcx:subfield code="m">99.4</marcx:subfield><marcx:subfield code="a">Nurejev</marcx:subfield><marcx:subfield code="h">Rudolf</marcx:subfield></marcx:datafield><marcx:datafield tag="652" ind1="0" ind2="0"><marcx:subfield code="p">77.40979</marcx:subfield></marcx:datafield><marcx:datafield tag="700" ind1="0" ind2="0"><marcx:subfield code="a">Foy</marcx:subfield><marcx:subfield code="h">Patricia</marcx:subfield></marcx:datafield><marcx:datafield tag="900" ind1="0" ind2="0"><marcx:subfield code="a">Nureyev</marcx:subfield><marcx:subfield code="h">Rudolf</marcx:subfield><marcx:subfield code="z">652/1(a,h)</marcx:subfield></marcx:datafield><marcx:datafield tag="996" ind1="0" ind2="0"><marcx:subfield code="a">DBC</marcx:subfield></marcx:datafield></marcx:record>