
<record xsi:schemaLocation="http://www.loc.gov/standards/iso25577/marcxchange-1-1.xsd" xmlns="info:lc/xmlns/marcxchange-v1" xmlns:xsi="http://www.w3.org/2001/XMLSchema-instance"><leader>00000n    2200000   4500</leader><datafield tag="001" ind1="0" ind2="0"><subfield code="a">45706818</subfield><subfield code="b">191919</subfield><subfield code="c">20150827151404</subfield><subfield code="d">20150827</subfield><subfield code="f">a</subfield></datafield><datafield tag="002" ind1="0" ind2="0"><subfield code="b">716700</subfield><subfield code="c">90496220</subfield><subfield code="x">71670090496220</subfield></datafield><datafield tag="004" ind1="0" ind2="0"><subfield code="r">c</subfield><subfield code="a">e</subfield></datafield><datafield tag="008" ind1="0" ind2="0"><subfield code="t">m</subfield><subfield code="u">f</subfield><subfield code="a">2015</subfield><subfield code="b">us</subfield><subfield code="d">x</subfield><subfield code="j">f</subfield><subfield code="l">eng</subfield><subfield code="v">0</subfield></datafield><datafield tag="009" ind1="0" ind2="0"><subfield code="a">a</subfield><subfield code="g">xx</subfield></datafield><datafield tag="021" ind1="0" ind2="0"><subfield code="e">9780804137256</subfield></datafield><datafield tag="100" ind1="0" ind2="0"><subfield code="a">Cline</subfield><subfield code="h">Ernest</subfield><subfield code="4">aut</subfield></datafield><datafield tag="245" ind1="0" ind2="0"><subfield code="a">Armada</subfield></datafield><datafield tag="260" ind1="0" ind2="0"><subfield code="a">New York</subfield><subfield code="b">Crown</subfield><subfield code="c">2015</subfield></datafield><datafield tag="300" ind1="0" ind2="0"><subfield code="a">355 sider</subfield></datafield><datafield tag="504" ind1="0" ind2="0"><subfield code="a">Zack Lightman has spent his life dreaming. Dreaming that the real world could be a little more like the countless science-fiction books, movies, and videogames he is spent his life consuming. Dreaming that one day, some fantastic, world-altering event will shatter the monotony of his hÚumdrum existence and whisk him off on some grand space-faring adventure.</subfield></datafield><datafield tag="652" ind1="0" ind2="0"><subfield code="m">83.8</subfield></datafield><datafield tag="666" ind1="0" ind2="0"><subfield code="s">science fiction</subfield></datafield><datafield tag="996" ind1="0" ind2="0"><subfield code="a">716700</subfield></datafield></record>