
<marcx:record format="danMARC2" type="Bibliographic" xmlns:marcx="info:lc/xmlns/marcxchange-v1"><marcx:leader>00000n    2200000   4500</marcx:leader><marcx:datafield tag="001" ind1="0" ind2="0"><marcx:subfield code="a">22370340</marcx:subfield><marcx:subfield code="b">191919</marcx:subfield><marcx:subfield code="c">19990215102211</marcx:subfield><marcx:subfield code="d">19990212</marcx:subfield><marcx:subfield code="f">a</marcx:subfield></marcx:datafield><marcx:datafield tag="004" ind1="0" ind2="0"><marcx:subfield code="r">n</marcx:subfield><marcx:subfield code="a">e</marcx:subfield></marcx:datafield><marcx:datafield tag="008" ind1="0" ind2="0"><marcx:subfield code="t">m</marcx:subfield><marcx:subfield code="u">f</marcx:subfield><marcx:subfield code="a">1997</marcx:subfield><marcx:subfield code="b">dk</marcx:subfield><marcx:subfield code="d">å</marcx:subfield><marcx:subfield code="l">dan</marcx:subfield><marcx:subfield code="v">0</marcx:subfield></marcx:datafield><marcx:datafield tag="009" ind1="0" ind2="0"><marcx:subfield code="a">a</marcx:subfield><marcx:subfield code="g">xx</marcx:subfield></marcx:datafield><marcx:datafield tag="021" ind1="0" ind2="0"><marcx:subfield code="c">Hf.</marcx:subfield><marcx:subfield code="d">pris ikke oplyst</marcx:subfield></marcx:datafield><marcx:datafield tag="032" ind1="0" ind2="0"><marcx:subfield code="a">DBF199909</marcx:subfield></marcx:datafield><marcx:datafield tag="245" ind1="0" ind2="0"><marcx:subfield code="a">Rundt om ATP</marcx:subfield><marcx:subfield code="c">håndbog for kommunale rådgivere</marcx:subfield></marcx:datafield><marcx:datafield tag="260" ind1="0" ind2="0"><marcx:subfield code="a">Hillerød</marcx:subfield><marcx:subfield code="d">Kongens Vænge 8, 3400</marcx:subfield><marcx:subfield code="b">ATP, Arbejdsmarkedets Tillægspension</marcx:subfield><marcx:subfield code="c">1997</marcx:subfield><marcx:subfield code="k">Rex</marcx:subfield></marcx:datafield><marcx:datafield tag="300" ind1="0" ind2="0"><marcx:subfield code="a">29 sider</marcx:subfield></marcx:datafield><marcx:datafield tag="440" ind1="0" ind2="0"><marcx:subfield code="0"/><marcx:subfield code="a">ATP orienterer</marcx:subfield></marcx:datafield><marcx:datafield tag="652" ind1="0" ind2="0"><marcx:subfield code="m">38.61</marcx:subfield></marcx:datafield><marcx:datafield tag="710" ind1="0" ind2="0"><marcx:subfield code="a">Arbejdsmarkedets Tillægspension</marcx:subfield></marcx:datafield><marcx:datafield tag="910" ind1="0" ind2="0"><marcx:subfield code="a">ATP</marcx:subfield><marcx:subfield code="z">710</marcx:subfield></marcx:datafield><marcx:datafield tag="996" ind1="0" ind2="0"><marcx:subfield code="a">DBC</marcx:subfield></marcx:datafield></marcx:record>