
<record xsi:schemaLocation="http://www.loc.gov/standards/iso25577/marcxchange-1-1.xsd" xmlns="info:lc/xmlns/marcxchange-v1" xmlns:xsi="http://www.w3.org/2001/XMLSchema-instance"><leader>00000n    2200000   4500</leader><datafield tag="001" ind1="0" ind2="0"><subfield code="a">51911776</subfield><subfield code="b">191919</subfield><subfield code="c">20150827151626</subfield><subfield code="d">20150827</subfield><subfield code="f">a</subfield></datafield><datafield tag="004" ind1="0" ind2="0"><subfield code="r">n</subfield><subfield code="a">e</subfield></datafield><datafield tag="008" ind1="0" ind2="0"><subfield code="t">m</subfield><subfield code="u">f</subfield><subfield code="a">2015</subfield><subfield code="b">dk</subfield><subfield code="d">y</subfield><subfield code="l">mul</subfield><subfield code="n">a</subfield><subfield code="x">06</subfield><subfield code="v">5</subfield><subfield code="w">1</subfield></datafield><datafield tag="009" ind1="0" ind2="0"><subfield code="a">a</subfield><subfield code="g">xe</subfield></datafield><datafield tag="032" ind1="0" ind2="0"><subfield code="x">ACC201535</subfield><subfield code="a">DBF201537</subfield></datafield><datafield tag="041" ind1="0" ind2="0"><subfield code="a">dan</subfield><subfield code="a">nor</subfield><subfield code="a">eng</subfield><subfield code="e">dan</subfield><subfield code="e">nor</subfield><subfield code="e">eng</subfield></datafield><datafield tag="245" ind1="0" ind2="0"><subfield code="a">Land Art Rebild</subfield><subfield code="c">modeller og skitser</subfield></datafield><datafield tag="260" ind1="0" ind2="0"><subfield code="b">Land Art Rebild</subfield><subfield code="c">2015</subfield></datafield><datafield tag="300" ind1="0" ind2="0"><subfield code="a">[48] sider</subfield><subfield code="b">ill. i farver</subfield></datafield><datafield tag="508" ind1="0" ind2="0"><subfield code="a">Tekster på dansk, norsk og engelsk, bidrag med parallelle tekster på dansk og engelsk og norsk og engelsk</subfield></datafield><datafield tag="512" ind1="0" ind2="0"><subfield code="a">Beskrivelsen baseret på det fysiske forlæg</subfield></datafield><datafield tag="652" ind1="0" ind2="0"><subfield code="m">73.18</subfield></datafield><datafield tag="710" ind1="0" ind2="0"><subfield code="a">Land Art Rebild</subfield></datafield><datafield tag="856" ind1="0" ind2="0"><subfield code="z">Adgangsmåde: Internet</subfield><subfield code="u">http://www.mnkk.dk/publikation-land-art-rebild.pdf</subfield><subfield code="y">PDF-format</subfield></datafield><datafield tag="996" ind1="0" ind2="0"><subfield code="a">DBC</subfield></datafield></record>