
<marcx:record format="danMARC2" type="Bibliographic" xmlns:marcx="info:lc/xmlns/marcxchange-v1"><marcx:leader>00000n    2200000   4500</marcx:leader><marcx:datafield tag="001" ind1="0" ind2="0"><marcx:subfield code="a">22370413</marcx:subfield><marcx:subfield code="b">191919</marcx:subfield><marcx:subfield code="c">20120425095617</marcx:subfield><marcx:subfield code="d">19990212</marcx:subfield><marcx:subfield code="f">a</marcx:subfield></marcx:datafield><marcx:datafield tag="004" ind1="0" ind2="0"><marcx:subfield code="r">n</marcx:subfield><marcx:subfield code="a">e</marcx:subfield></marcx:datafield><marcx:datafield tag="008" ind1="0" ind2="0"><marcx:subfield code="t">s</marcx:subfield><marcx:subfield code="u">f</marcx:subfield><marcx:subfield code="a">1999</marcx:subfield><marcx:subfield code="b">fr</marcx:subfield><marcx:subfield code="l">eng</marcx:subfield><marcx:subfield code="v">0</marcx:subfield></marcx:datafield><marcx:datafield tag="009" ind1="0" ind2="0"><marcx:subfield code="a">s</marcx:subfield><marcx:subfield code="g">xc</marcx:subfield></marcx:datafield><marcx:datafield tag="021" ind1="0" ind2="0"><marcx:subfield code="d">kr 139,00</marcx:subfield></marcx:datafield><marcx:datafield tag="032" ind1="0" ind2="0"><marcx:subfield code="x">SFG199908</marcx:subfield><marcx:subfield code="x">DAT201218</marcx:subfield></marcx:datafield><marcx:datafield tag="039" ind1="0" ind2="0"><marcx:subfield code="a">bef</marcx:subfield></marcx:datafield><marcx:datafield tag="110" ind1="0" ind2="0"><marcx:subfield code="a">Cassius</marcx:subfield></marcx:datafield><marcx:datafield tag="245" ind1="0" ind2="0"><marcx:subfield code="a">Cassius 1999</marcx:subfield><marcx:subfield code="e">Cassius ((Hubert) Boom Bass, (Phillippe) Zdar)</marcx:subfield></marcx:datafield><marcx:datafield tag="260" ind1="0" ind2="0"><marcx:subfield code="a">[S.l.]</marcx:subfield><marcx:subfield code="b">Virgin</marcx:subfield><marcx:subfield code="c">p 1999</marcx:subfield></marcx:datafield><marcx:datafield tag="300" ind1="0" ind2="0"><marcx:subfield code="n">1 cd</marcx:subfield></marcx:datafield><marcx:datafield tag="531" ind1="0" ind2="0"><marcx:subfield code="a">Indhold:</marcx:subfield></marcx:datafield><marcx:datafield tag="538" ind1="0" ind2="0"><marcx:subfield code="f">Virgin</marcx:subfield><marcx:subfield code="g">72438467012</marcx:subfield></marcx:datafield><marcx:datafield tag="652" ind1="0" ind2="0"><marcx:subfield code="m">78.794</marcx:subfield><marcx:subfield code="v">5</marcx:subfield></marcx:datafield><marcx:datafield tag="666" ind1="0" ind2="0"><marcx:subfield code="0"/><marcx:subfield code="m">techno</marcx:subfield><marcx:subfield code="m">house</marcx:subfield><marcx:subfield code="n">instrumental</marcx:subfield><marcx:subfield code="n">vokal</marcx:subfield><marcx:subfield code="p">1990-1999</marcx:subfield><marcx:subfield code="l">Frankrig</marcx:subfield></marcx:datafield><marcx:datafield tag="700" ind1="0" ind2="0"><marcx:subfield code="a">Boom Bass</marcx:subfield><marcx:subfield code="h">Hubert</marcx:subfield></marcx:datafield><marcx:datafield tag="700" ind1="0" ind2="0"><marcx:subfield code="a">Zdar</marcx:subfield><marcx:subfield code="h">Philippe</marcx:subfield></marcx:datafield><marcx:datafield tag="795" ind1="0" ind2="0"><marcx:subfield code="å">11</marcx:subfield><marcx:subfield code="a">Cassius 1999</marcx:subfield><marcx:subfield code="a">Feeling for you</marcx:subfield><marcx:subfield code="a">Crazy legs</marcx:subfield><marcx:subfield code="a">La ¤mouche</marcx:subfield><marcx:subfield code="a">Chase</marcx:subfield><marcx:subfield code="a">Foxxy</marcx:subfield><marcx:subfield code="a">Planetz</marcx:subfield><marcx:subfield code="a">Hey babe</marcx:subfield><marcx:subfield code="a">Mister Eveready</marcx:subfield><marcx:subfield code="a">Nulife</marcx:subfield><marcx:subfield code="a">Interlude</marcx:subfield><marcx:subfield code="a">Somebody</marcx:subfield><marcx:subfield code="a">Club Soixante Quinze</marcx:subfield><marcx:subfield code="a">Supa crush</marcx:subfield><marcx:subfield code="a">Invisible</marcx:subfield><marcx:subfield code="a">Cassius 1999 (remix - radio edit)</marcx:subfield></marcx:datafield><marcx:datafield tag="990" ind1="0" ind2="0"><marcx:subfield code="a">SFG</marcx:subfield><marcx:subfield code="c">C</marcx:subfield><marcx:subfield code="o">199908</marcx:subfield><marcx:subfield code="t">12.03.99</marcx:subfield></marcx:datafield><marcx:datafield tag="996" ind1="0" ind2="0"><marcx:subfield code="a">DBC</marcx:subfield></marcx:datafield></marcx:record>