
<marcx:record format="danMARC2" type="Bibliographic" xmlns:marcx="info:lc/xmlns/marcxchange-v1"><marcx:leader>00000n    2200000   4500</marcx:leader><marcx:datafield tag="001" ind1="0" ind2="0"><marcx:subfield code="a">22370405</marcx:subfield><marcx:subfield code="b">191919</marcx:subfield><marcx:subfield code="c">20000515033226</marcx:subfield><marcx:subfield code="d">19990212</marcx:subfield><marcx:subfield code="f">a</marcx:subfield></marcx:datafield><marcx:datafield tag="004" ind1="0" ind2="0"><marcx:subfield code="r">n</marcx:subfield><marcx:subfield code="a">e</marcx:subfield></marcx:datafield><marcx:datafield tag="005" ind1="0" ind2="0"><marcx:subfield code="h">e</marcx:subfield></marcx:datafield><marcx:datafield tag="008" ind1="0" ind2="0"><marcx:subfield code="t">s</marcx:subfield><marcx:subfield code="u">f</marcx:subfield><marcx:subfield code="a">1998</marcx:subfield><marcx:subfield code="b">dk</marcx:subfield><marcx:subfield code="l">eng</marcx:subfield><marcx:subfield code="v">0</marcx:subfield></marcx:datafield><marcx:datafield tag="009" ind1="0" ind2="0"><marcx:subfield code="a">s</marcx:subfield><marcx:subfield code="g">xc</marcx:subfield></marcx:datafield><marcx:datafield tag="020" ind1="0" ind2="0"><marcx:subfield code="a">dk</marcx:subfield></marcx:datafield><marcx:datafield tag="021" ind1="0" ind2="0"><marcx:subfield code="d">kr. 139,00</marcx:subfield></marcx:datafield><marcx:datafield tag="032" ind1="0" ind2="0"><marcx:subfield code="x">SFG199908</marcx:subfield><marcx:subfield code="a">DMO199908</marcx:subfield><marcx:subfield code="x">DAT199936</marcx:subfield><marcx:subfield code="x">DAT200021</marcx:subfield></marcx:datafield><marcx:datafield tag="039" ind1="0" ind2="0"><marcx:subfield code="a">bef</marcx:subfield></marcx:datafield><marcx:datafield tag="100" ind1="0" ind2="0"><marcx:subfield code="a">Boskov</marcx:subfield><marcx:subfield code="h">Ole</marcx:subfield></marcx:datafield><marcx:datafield tag="245" ind1="0" ind2="0"><marcx:subfield code="a">Mr. Romance</marcx:subfield><marcx:subfield code="i">tracks written and composed by Ole Boskov</marcx:subfield><marcx:subfield code="j">Ole Boskov with Thomas Fog, Helge Solberg, Lars Krarup, Martin Stender, Kenneth Spenner, Nis Bøgvad ... [et al.]</marcx:subfield><marcx:subfield code="i">Ole Boskov: leadvocal, piano/keyboards</marcx:subfield><marcx:subfield code="i">bass: Thomas Fog, Helge Solberg</marcx:subfield><marcx:subfield code="i">guitars: Lars Krarup, Martin Stender, Christian Jacobsen</marcx:subfield><marcx:subfield code="i">drums/percussion: Kenneth Spenner</marcx:subfield><marcx:subfield code="i">tambourine: Nis Bøgvad</marcx:subfield><marcx:subfield code="i">drumprogramming: Lars Krarup/Ole Boskov</marcx:subfield><marcx:subfield code="i">background vocals: Ivan Pedersen, Susanne Carstensen, Lars "Mitch" Fishermann, Helge Solberg, Thomas Fog, Ole Boskov</marcx:subfield><marcx:subfield code="i">produced by Henrik Nilsson, Lars Krarup and Ole Boskov</marcx:subfield><marcx:subfield code="i">mixed by Nis Bøgvad, Lars Krarup and Ole Boskov</marcx:subfield><marcx:subfield code="i">technicians: Allan Krohn and Jacques Pedersen</marcx:subfield></marcx:datafield><marcx:datafield tag="260" ind1="0" ind2="0"><marcx:subfield code="a">Risskov</marcx:subfield><marcx:subfield code="b">Intermusic</marcx:subfield><marcx:subfield code="c">[1998]</marcx:subfield></marcx:datafield><marcx:datafield tag="300" ind1="0" ind2="0"><marcx:subfield code="n">1 cd</marcx:subfield></marcx:datafield><marcx:datafield tag="512" ind1="0" ind2="0"><marcx:subfield code="a">Indspillet i København</marcx:subfield></marcx:datafield><marcx:datafield tag="512" ind1="0" ind2="0"><marcx:subfield code="a">Tekster på omslag</marcx:subfield></marcx:datafield><marcx:datafield tag="531" ind1="0" ind2="0"><marcx:subfield code="a">Indhold:</marcx:subfield></marcx:datafield><marcx:datafield tag="538" ind1="0" ind2="0"><marcx:subfield code="f">Intermusic</marcx:subfield><marcx:subfield code="g">INTCD 075</marcx:subfield></marcx:datafield><marcx:datafield tag="652" ind1="0" ind2="0"><marcx:subfield code="m">78.794</marcx:subfield><marcx:subfield code="v">5</marcx:subfield></marcx:datafield><marcx:datafield tag="666" ind1="0" ind2="0"><marcx:subfield code="0"/><marcx:subfield code="m">rock</marcx:subfield><marcx:subfield code="n">vokal</marcx:subfield><marcx:subfield code="p">1990-1999</marcx:subfield><marcx:subfield code="l">Danmark</marcx:subfield></marcx:datafield><marcx:datafield tag="700" ind1="0" ind2="0"><marcx:subfield code="a">Solberg</marcx:subfield><marcx:subfield code="h">Helge</marcx:subfield></marcx:datafield><marcx:datafield tag="700" ind1="0" ind2="0"><marcx:subfield code="a">Krarup</marcx:subfield><marcx:subfield code="h">Lars</marcx:subfield></marcx:datafield><marcx:datafield tag="700" ind1="0" ind2="0"><marcx:subfield code="a">Stender</marcx:subfield><marcx:subfield code="h">Martin</marcx:subfield></marcx:datafield><marcx:datafield tag="700" ind1="0" ind2="0"><marcx:subfield code="a">Jacobsen</marcx:subfield><marcx:subfield code="h">Christian</marcx:subfield></marcx:datafield><marcx:datafield tag="700" ind1="0" ind2="0"><marcx:subfield code="a">Bøgvad</marcx:subfield><marcx:subfield code="h">Nis</marcx:subfield></marcx:datafield><marcx:datafield tag="700" ind1="0" ind2="0"><marcx:subfield code="a">Carstensen</marcx:subfield><marcx:subfield code="h">Susanne</marcx:subfield></marcx:datafield><marcx:datafield tag="700" ind1="0" ind2="0"><marcx:subfield code="a">Fog</marcx:subfield><marcx:subfield code="h">Thomas</marcx:subfield></marcx:datafield><marcx:datafield tag="700" ind1="0" ind2="0"><marcx:subfield code="a">Spenner</marcx:subfield><marcx:subfield code="h">Kenneth</marcx:subfield></marcx:datafield><marcx:datafield tag="700" ind1="0" ind2="0"><marcx:subfield code="a">Fisherman</marcx:subfield><marcx:subfield code="h">Lars Mitch</marcx:subfield></marcx:datafield><marcx:datafield tag="795" ind1="0" ind2="0"><marcx:subfield code="å">11</marcx:subfield><marcx:subfield code="a">Going crazy</marcx:subfield><marcx:subfield code="i">by Lars Krarup/Ole Boskov</marcx:subfield><marcx:subfield code="a">Tonight</marcx:subfield><marcx:subfield code="a">Your love's gone cold</marcx:subfield><marcx:subfield code="a">Fall</marcx:subfield><marcx:subfield code="a">Walking shoes</marcx:subfield><marcx:subfield code="a">Mr. Romance</marcx:subfield><marcx:subfield code="a">Love is in my blood</marcx:subfield><marcx:subfield code="a">Going crazy (acoustic)</marcx:subfield><marcx:subfield code="i">by Lars Krarup/Ole Boskov</marcx:subfield><marcx:subfield code="a">Up the river</marcx:subfield></marcx:datafield><marcx:datafield tag="990" ind1="0" ind2="0"><marcx:subfield code="a">SFG</marcx:subfield><marcx:subfield code="c">C</marcx:subfield><marcx:subfield code="o">199908</marcx:subfield><marcx:subfield code="t">12.03.99</marcx:subfield></marcx:datafield><marcx:datafield tag="996" ind1="0" ind2="0"><marcx:subfield code="a">DBC</marcx:subfield></marcx:datafield></marcx:record>