
<record xsi:schemaLocation="http://www.loc.gov/standards/iso25577/marcxchange-1-1.xsd" xmlns="info:lc/xmlns/marcxchange-v1" xmlns:xsi="http://www.w3.org/2001/XMLSchema-instance"><leader>00000n    2200000   4500</leader><datafield tag="001" ind1="0" ind2="0"><subfield code="a">45706826</subfield><subfield code="b">191919</subfield><subfield code="c">20150827151807</subfield><subfield code="d">20150827</subfield><subfield code="f">a</subfield></datafield><datafield tag="002" ind1="0" ind2="0"><subfield code="b">714700</subfield><subfield code="c">90983814</subfield><subfield code="x">71470090983814</subfield></datafield><datafield tag="004" ind1="0" ind2="0"><subfield code="r">c</subfield><subfield code="a">e</subfield></datafield><datafield tag="008" ind1="0" ind2="0"><subfield code="t">m</subfield><subfield code="u">u</subfield><subfield code="a">2006</subfield><subfield code="l">spa</subfield><subfield code="v">0</subfield><subfield code="b">es</subfield><subfield code="d">x</subfield><subfield code="j">f</subfield></datafield><datafield tag="009" ind1="0" ind2="0"><subfield code="a">a</subfield><subfield code="g">xx</subfield></datafield><datafield tag="021" ind1="0" ind2="0"><subfield code="e">9788433966360</subfield><subfield code="c">hf.</subfield></datafield><datafield tag="100" ind1="0" ind2="0"><subfield code="a">Bayly</subfield><subfield code="h">Jaime</subfield><subfield code="4">aut</subfield></datafield><datafield tag="245" ind1="0" ind2="0"><subfield code="a">La ¤noche es virgen</subfield></datafield><datafield tag="250" ind1="0" ind2="0"><subfield code="a">5. edición</subfield></datafield><datafield tag="260" ind1="0" ind2="0"><subfield code="a">Barcelona</subfield><subfield code="b">Anagrama</subfield><subfield code="c">2006</subfield></datafield><datafield tag="300" ind1="0" ind2="0"><subfield code="a">189 sider</subfield></datafield><datafield tag="440" ind1="0" ind2="0"><subfield code="a">Compactos</subfield><subfield code="v">205</subfield></datafield><datafield tag="504" ind1="0" ind2="0"><subfield code="a">Irónica e irreverente, escrita con un deslumbrante oído para todas las jergas y los idiomas de la calle, en un riquísimo, sorprendente, crepitante castellano que se constituye en auténtico protagonista de la novela, y situada por derecho propio junto a las mejores obras de una espléndida literatura contemporánea que va de Vargas Llosa a Bryce Echenique, "La noche es virgen" consagra definitivamente a Bayly como uno de los más atractivos narradores jóvenes de la literatura hispanoamericana.</subfield></datafield><datafield tag="520" ind1="0" ind2="0"><subfield code="a">Originaludgave: 1997</subfield></datafield><datafield tag="652" ind1="0" ind2="0"><subfield code="m">82.7</subfield></datafield><datafield tag="996" ind1="0" ind2="0"><subfield code="a">714700</subfield></datafield></record>