
<record xsi:schemaLocation="http://www.loc.gov/standards/iso25577/marcxchange-1-1.xsd" xmlns="info:lc/xmlns/marcxchange-v1" xmlns:xsi="http://www.w3.org/2001/XMLSchema-instance"><leader>00000n    2200000   4500</leader><datafield tag="001" ind1="0" ind2="0"><subfield code="a">45706834</subfield><subfield code="b">191919</subfield><subfield code="c">20150827151807</subfield><subfield code="d">20150827</subfield><subfield code="f">a</subfield></datafield><datafield tag="002" ind1="0" ind2="0"><subfield code="b">714700</subfield><subfield code="c">90984349</subfield><subfield code="x">71470090984349</subfield></datafield><datafield tag="004" ind1="0" ind2="0"><subfield code="r">c</subfield><subfield code="a">e</subfield></datafield><datafield tag="008" ind1="0" ind2="0"><subfield code="t">m</subfield><subfield code="u">f</subfield><subfield code="a">2013</subfield><subfield code="l">eng</subfield><subfield code="v">0</subfield><subfield code="d">x</subfield><subfield code="b">gb</subfield><subfield code="j">f</subfield><subfield code="o">b</subfield></datafield><datafield tag="009" ind1="0" ind2="0"><subfield code="a">a</subfield><subfield code="g">xx</subfield></datafield><datafield tag="021" ind1="0" ind2="0"><subfield code="e">9780552565769</subfield><subfield code="c">hf.</subfield></datafield><datafield tag="100" ind1="0" ind2="0"><subfield code="a">Boyne</subfield><subfield code="h">John</subfield><subfield code="4">aut</subfield></datafield><datafield tag="245" ind1="0" ind2="0"><subfield code="a">The ¤terrible thing that happened to Barnaby Brocket</subfield></datafield><datafield tag="260" ind1="0" ind2="0"><subfield code="a">London</subfield><subfield code="b">Corgi</subfield><subfield code="c">2012</subfield></datafield><datafield tag="300" ind1="0" ind2="0"><subfield code="a">277 sider</subfield><subfield code="b">ill.</subfield></datafield><datafield tag="504" ind1="0" ind2="0"><subfield code="a">The Brockets are normal, boringly normal but from birth, Barnaby has been anything but normal - for starters, he defies gravity and floats. One day, the Brockets decide they've had enough, Barnaby has to go. Betrayed and frightened, Barnaby floats into the path of a special hot air balloon and begins a magical journey around the world</subfield></datafield><datafield tag="520" ind1="0" ind2="0"><subfield code="a">Originaludgave: 2012</subfield></datafield><datafield tag="652" ind1="0" ind2="0"><subfield code="m">83</subfield></datafield><datafield tag="720" ind1="0" ind2="0"><subfield code="o">Oliver Jeffers</subfield><subfield code="4">ill</subfield></datafield><datafield tag="996" ind1="0" ind2="0"><subfield code="a">714700</subfield></datafield></record>