
<marcx:record format="danMARC2" type="Bibliographic" xmlns:marcx="info:lc/xmlns/marcxchange-v1"><marcx:leader>00000n    2200000   4500</marcx:leader><marcx:datafield tag="001" ind1="0" ind2="0"><marcx:subfield code="a">22370464</marcx:subfield><marcx:subfield code="b">191919</marcx:subfield><marcx:subfield code="c">20000515033212</marcx:subfield><marcx:subfield code="d">19990212</marcx:subfield><marcx:subfield code="f">a</marcx:subfield></marcx:datafield><marcx:datafield tag="004" ind1="0" ind2="0"><marcx:subfield code="r">n</marcx:subfield><marcx:subfield code="a">e</marcx:subfield></marcx:datafield><marcx:datafield tag="008" ind1="0" ind2="0"><marcx:subfield code="t">s</marcx:subfield><marcx:subfield code="u">f</marcx:subfield><marcx:subfield code="a">1999</marcx:subfield><marcx:subfield code="b">be</marcx:subfield><marcx:subfield code="l">eng</marcx:subfield><marcx:subfield code="v">0</marcx:subfield></marcx:datafield><marcx:datafield tag="009" ind1="0" ind2="0"><marcx:subfield code="a">s</marcx:subfield><marcx:subfield code="g">xc</marcx:subfield></marcx:datafield><marcx:datafield tag="020" ind1="0" ind2="0"><marcx:subfield code="a">dk</marcx:subfield></marcx:datafield><marcx:datafield tag="021" ind1="0" ind2="0"><marcx:subfield code="d">kr. 139,00</marcx:subfield></marcx:datafield><marcx:datafield tag="032" ind1="0" ind2="0"><marcx:subfield code="x">BØK199902</marcx:subfield><marcx:subfield code="x">SFG199908</marcx:subfield><marcx:subfield code="a">DMO199908</marcx:subfield><marcx:subfield code="x">DAT199936</marcx:subfield><marcx:subfield code="x">DAT200021</marcx:subfield></marcx:datafield><marcx:datafield tag="039" ind1="0" ind2="0"><marcx:subfield code="a">bef</marcx:subfield></marcx:datafield><marcx:datafield tag="100" ind1="0" ind2="0"><marcx:subfield code="a">Gee</marcx:subfield><marcx:subfield code="h">Tommy</marcx:subfield></marcx:datafield><marcx:datafield tag="245" ind1="0" ind2="0"><marcx:subfield code="a">Vortex phenomenon</marcx:subfield><marcx:subfield code="i">all raps and lyrics by Lance Link</marcx:subfield><marcx:subfield code="j">Tommy Gee with Lance Link, Morten Carlsen ... [et al.]</marcx:subfield><marcx:subfield code="i">all tracks produced mixed and recorded by Tommy Gee</marcx:subfield></marcx:datafield><marcx:datafield tag="260" ind1="0" ind2="0"><marcx:subfield code="a">Gent</marcx:subfield><marcx:subfield code="b">R&amp;S</marcx:subfield><marcx:subfield code="c">p 1998</marcx:subfield></marcx:datafield><marcx:datafield tag="300" ind1="0" ind2="0"><marcx:subfield code="n">1 cd</marcx:subfield></marcx:datafield><marcx:datafield tag="512" ind1="0" ind2="0"><marcx:subfield code="a">Indspillet i Danmark</marcx:subfield></marcx:datafield><marcx:datafield tag="531" ind1="0" ind2="0"><marcx:subfield code="a">Indhold:</marcx:subfield></marcx:datafield><marcx:datafield tag="538" ind1="0" ind2="0"><marcx:subfield code="f">R&amp;S</marcx:subfield><marcx:subfield code="g">RS 98136 CD</marcx:subfield></marcx:datafield><marcx:datafield tag="652" ind1="0" ind2="0"><marcx:subfield code="m">78.794</marcx:subfield><marcx:subfield code="v">5</marcx:subfield></marcx:datafield><marcx:datafield tag="666" ind1="0" ind2="0"><marcx:subfield code="0"/><marcx:subfield code="m">drum'n'bass</marcx:subfield><marcx:subfield code="m">hip hop</marcx:subfield><marcx:subfield code="m">jazz</marcx:subfield><marcx:subfield code="n">instrumental</marcx:subfield><marcx:subfield code="n">vokal</marcx:subfield><marcx:subfield code="n">rap</marcx:subfield><marcx:subfield code="p">1990-1999</marcx:subfield><marcx:subfield code="l">Danmark</marcx:subfield></marcx:datafield><marcx:datafield tag="700" ind1="0" ind2="0"><marcx:subfield code="a">Carlsen</marcx:subfield><marcx:subfield code="h">Morten</marcx:subfield></marcx:datafield><marcx:datafield tag="700" ind1="0" ind2="0"><marcx:subfield code="a">Hass</marcx:subfield><marcx:subfield code="h">Thomas</marcx:subfield></marcx:datafield><marcx:datafield tag="700" ind1="0" ind2="0"><marcx:subfield code="a">Link</marcx:subfield><marcx:subfield code="h">Lance</marcx:subfield></marcx:datafield><marcx:datafield tag="700" ind1="0" ind2="0"><marcx:subfield code="a">Jasper the Satellite</marcx:subfield></marcx:datafield><marcx:datafield tag="795" ind1="0" ind2="0"><marcx:subfield code="å">11</marcx:subfield><marcx:subfield code="a">Taking off</marcx:subfield><marcx:subfield code="i">written by Tommy Gee</marcx:subfield><marcx:subfield code="a">Xpansion</marcx:subfield><marcx:subfield code="i">written by Tommy Gee and Lance Link</marcx:subfield><marcx:subfield code="a">Fifty grand merchant</marcx:subfield><marcx:subfield code="i">written by Tommy Gee and Lance Link</marcx:subfield><marcx:subfield code="i">voice by Jasper the Satellite</marcx:subfield><marcx:subfield code="a">Drums of thunder</marcx:subfield><marcx:subfield code="i">written by Tommy Gee</marcx:subfield><marcx:subfield code="a">U say, we fly</marcx:subfield><marcx:subfield code="i">written by Tommy Gee, Lance Link and Morten Carlsen</marcx:subfield><marcx:subfield code="i">flute by Morten Carlsen</marcx:subfield><marcx:subfield code="a">Sky's the limit</marcx:subfield><marcx:subfield code="i">written by Tommy Gee</marcx:subfield><marcx:subfield code="a">The ¤interview</marcx:subfield><marcx:subfield code="i">written by Tommy Gee and Lance Link</marcx:subfield><marcx:subfield code="a">It's time (remix)</marcx:subfield><marcx:subfield code="i">written by Tommy Gee and lance Link</marcx:subfield><marcx:subfield code="a">Phat 'n' fresh (remix)</marcx:subfield><marcx:subfield code="i">written by Tommy Gee and Lance Link</marcx:subfield><marcx:subfield code="a">Vortex phenomenon</marcx:subfield><marcx:subfield code="i">written by Tommy Gee and Lance Link</marcx:subfield><marcx:subfield code="a">Lewis on LSD</marcx:subfield><marcx:subfield code="i">written by Tommy Gee</marcx:subfield><marcx:subfield code="a">Clouseau on the castle</marcx:subfield><marcx:subfield code="i">written by Tommy Gee and Morten Carlsen</marcx:subfield><marcx:subfield code="i">flute by Morten Carlsen</marcx:subfield><marcx:subfield code="i">jazzdrums sampled from the record "Honeymoon too soon" by Thomas Hass</marcx:subfield></marcx:datafield><marcx:datafield tag="795" ind1="0" ind2="0"><marcx:subfield code="å">40</marcx:subfield><marcx:subfield code="y">0</marcx:subfield><marcx:subfield code="a">50 grand merchant</marcx:subfield></marcx:datafield><marcx:datafield tag="990" ind1="0" ind2="0"><marcx:subfield code="a">SFG</marcx:subfield><marcx:subfield code="b">B</marcx:subfield><marcx:subfield code="c">C</marcx:subfield><marcx:subfield code="o">199908</marcx:subfield><marcx:subfield code="t">12.03.99</marcx:subfield></marcx:datafield><marcx:datafield tag="991" ind1="0" ind2="0"><marcx:subfield code="o">\(Ulriks side 199908)\</marcx:subfield></marcx:datafield><marcx:datafield tag="996" ind1="0" ind2="0"><marcx:subfield code="a">DBC</marcx:subfield></marcx:datafield></marcx:record>