
<record xsi:schemaLocation="http://www.loc.gov/standards/iso25577/marcxchange-1-1.xsd" xmlns="info:lc/xmlns/marcxchange-v1" xmlns:xsi="http://www.w3.org/2001/XMLSchema-instance"><leader>00000n    2200000   4500</leader><datafield tag="001" ind1="0" ind2="0"><subfield code="a">45706842</subfield><subfield code="b">191919</subfield><subfield code="c">20150827151808</subfield><subfield code="d">20150827</subfield><subfield code="f">a</subfield></datafield><datafield tag="002" ind1="0" ind2="0"><subfield code="b">714700</subfield><subfield code="c">90984438</subfield><subfield code="x">71470090984438</subfield></datafield><datafield tag="004" ind1="0" ind2="0"><subfield code="r">c</subfield><subfield code="a">e</subfield></datafield><datafield tag="008" ind1="0" ind2="0"><subfield code="t">m</subfield><subfield code="u">f</subfield><subfield code="a">2011</subfield><subfield code="l">eng</subfield><subfield code="v">0</subfield><subfield code="d">x</subfield><subfield code="b">gb</subfield><subfield code="j">f</subfield><subfield code="o">b</subfield></datafield><datafield tag="009" ind1="0" ind2="0"><subfield code="a">a</subfield><subfield code="g">xx</subfield></datafield><datafield tag="021" ind1="0" ind2="0"><subfield code="e">9780192731975</subfield><subfield code="c">hf.</subfield></datafield><datafield tag="041" ind1="0" ind2="0"><subfield code="a">eng</subfield><subfield code="c">swe</subfield></datafield><datafield tag="100" ind1="0" ind2="0"><subfield code="a">Lindgren</subfield><subfield code="h">Astrid</subfield><subfield code="4">aut</subfield></datafield><datafield tag="241" ind1="0" ind2="0"><subfield code="a">Mio min Mio</subfield><subfield code="r">swe</subfield></datafield><datafield tag="245" ind1="0" ind2="0"><subfield code="a">Mio's kingdom</subfield></datafield><datafield tag="260" ind1="0" ind2="0"><subfield code="b">Oxford University Press</subfield><subfield code="c">2011</subfield></datafield><datafield tag="300" ind1="0" ind2="0"><subfield code="a">132 sider</subfield></datafield><datafield tag="504" ind1="0" ind2="0"><subfield code="a">After a chance meeting with a genie in the park, young Karl travels to Farawayland where he learns that his true name is Mio, and that his real father is the king. There he receives the love that he craved, but never had, from his foster parents back in Stockholm. But an evil tyrant terrorizes the land, and Mio is the one who must save the kingdom</subfield></datafield><datafield tag="520" ind1="0" ind2="0"><subfield code="a">Originaludgave: 1954</subfield></datafield><datafield tag="652" ind1="0" ind2="0"><subfield code="m">83</subfield></datafield><datafield tag="720" ind1="0" ind2="0"><subfield code="o">Jill Morgan</subfield><subfield code="4">trl</subfield></datafield><datafield tag="996" ind1="0" ind2="0"><subfield code="a">714700</subfield></datafield></record>