
<record xsi:schemaLocation="http://www.loc.gov/standards/iso25577/marcxchange-1-1.xsd" xmlns="info:lc/xmlns/marcxchange-v1" xmlns:xsi="http://www.w3.org/2001/XMLSchema-instance"><leader>00000n    2200000   4500</leader><datafield tag="001" ind1="0" ind2="0"><subfield code="a">45706850</subfield><subfield code="b">191919</subfield><subfield code="c">20150827151811</subfield><subfield code="d">20150827</subfield><subfield code="f">a</subfield></datafield><datafield tag="002" ind1="0" ind2="0"><subfield code="b">714700</subfield><subfield code="c">90991124</subfield><subfield code="x">71470090991124</subfield></datafield><datafield tag="004" ind1="0" ind2="0"><subfield code="a">e</subfield><subfield code="r">c</subfield></datafield><datafield tag="008" ind1="0" ind2="0"><subfield code="t">m</subfield><subfield code="a">2015</subfield><subfield code="l">eng</subfield><subfield code="v">0</subfield><subfield code="u">f</subfield><subfield code="b">us</subfield><subfield code="d">y</subfield><subfield code="x">06</subfield></datafield><datafield tag="009" ind1="0" ind2="0"><subfield code="a">a</subfield><subfield code="g">xx</subfield></datafield><datafield tag="021" ind1="0" ind2="0"><subfield code="e">9781466503403</subfield><subfield code="c">ib.</subfield></datafield><datafield tag="100" ind1="0" ind2="0"><subfield code="a">Smith</subfield><subfield code="h">Bud E.</subfield><subfield code="4">aut</subfield></datafield><datafield tag="245" ind1="0" ind2="0"><subfield code="a">Green computing</subfield><subfield code="c">tools and techniques for saving energy, money, and resources</subfield></datafield><datafield tag="260" ind1="0" ind2="0"><subfield code="a">Boca Raton, FL.</subfield><subfield code="b">Auerbach</subfield><subfield code="c">2014</subfield></datafield><datafield tag="300" ind1="0" ind2="0"><subfield code="a">xix, 240 sider</subfield><subfield code="b">ill.</subfield></datafield><datafield tag="504" ind1="0" ind2="0"><subfield code="a">The book ties the green agenda in IT to the broader corporate agenda in risk management, brand management, and reputation management. Written by a leading author in the IT field, this authoritative reference provides easy access to quotable budget justifications that readers can use to place IT stakeholders on the same page for this new agenda that can save valuable resources and the planet. Bringing together everything IT professionals need to know about green computing, the book embodies a new philosophy on how to deploy IT devices, software, and services in a way that makes people more effective with fewer resources. It presents helpful tips on how to maximize energy savings as well as how to present information gradually to allow peers and stakeholders to absorb it.</subfield></datafield><datafield tag="530" ind1="0" ind2="0"><subfield code="a">Indhold: Green computing and your reputation ; Green computing and saving money ; Green computing and the enviroment ; A new vision of computing ; Building a green device portfolio ; Finding green devices ; Green servers and data centers ; Saving energy ; Reducing greenhouse gas emissions ; Reducing resource use ; Green computing by industry segment; The future : deep green computing</subfield></datafield><datafield tag="532" ind1="0" ind2="0"><subfield code="a">Med litteraturhenvisninger</subfield></datafield><datafield tag="652" ind1="0" ind2="0"><subfield code="m">19.682</subfield></datafield><datafield tag="666" ind1="0" ind2="0"><subfield code="f">bæredygtig udvikling</subfield></datafield><datafield tag="666" ind1="0" ind2="0"><subfield code="f">bæredygtighed</subfield></datafield><datafield tag="666" ind1="0" ind2="0"><subfield code="f">computere</subfield></datafield><datafield tag="666" ind1="0" ind2="0"><subfield code="f">teknologisk udvikling</subfield></datafield><datafield tag="666" ind1="0" ind2="0"><subfield code="f">teknologi</subfield></datafield><datafield tag="996" ind1="0" ind2="0"><subfield code="a">714700</subfield></datafield></record>