
<marcx:record format="danMARC2" type="Bibliographic" xmlns:marcx="info:lc/xmlns/marcxchange-v1"><marcx:leader>00000n    2200000   4500</marcx:leader><marcx:datafield tag="001" ind1="0" ind2="0"><marcx:subfield code="a">22370022</marcx:subfield><marcx:subfield code="b">191919</marcx:subfield><marcx:subfield code="c">20000514225955</marcx:subfield><marcx:subfield code="d">19990212</marcx:subfield><marcx:subfield code="f">a</marcx:subfield></marcx:datafield><marcx:datafield tag="004" ind1="0" ind2="0"><marcx:subfield code="r">n</marcx:subfield><marcx:subfield code="a">e</marcx:subfield></marcx:datafield><marcx:datafield tag="008" ind1="0" ind2="0"><marcx:subfield code="t">s</marcx:subfield><marcx:subfield code="u">f</marcx:subfield><marcx:subfield code="a">1998</marcx:subfield><marcx:subfield code="b">dk</marcx:subfield><marcx:subfield code="v">0</marcx:subfield></marcx:datafield><marcx:datafield tag="009" ind1="0" ind2="0"><marcx:subfield code="a">s</marcx:subfield><marcx:subfield code="g">xc</marcx:subfield></marcx:datafield><marcx:datafield tag="020" ind1="0" ind2="0"><marcx:subfield code="a">dk</marcx:subfield></marcx:datafield><marcx:datafield tag="021" ind1="0" ind2="0"><marcx:subfield code="d">kr. 133,00</marcx:subfield></marcx:datafield><marcx:datafield tag="032" ind1="0" ind2="0"><marcx:subfield code="x">SFG199908</marcx:subfield><marcx:subfield code="a">DMO199908</marcx:subfield><marcx:subfield code="x">DAT200020</marcx:subfield><marcx:subfield code="x">DAT200021</marcx:subfield></marcx:datafield><marcx:datafield tag="039" ind1="0" ind2="0"><marcx:subfield code="a">fol</marcx:subfield><marcx:subfield code="b">dk</marcx:subfield></marcx:datafield><marcx:datafield tag="100" ind1="0" ind2="0"><marcx:subfield code="a">Hansen</marcx:subfield><marcx:subfield code="h">Erling</marcx:subfield></marcx:datafield><marcx:datafield tag="245" ind1="0" ind2="0"><marcx:subfield code="a">- som mig</marcx:subfield><marcx:subfield code="j">Erling Hansen med Kaj Christensen, Ronny Heicker, Stig Petersen og Bob Schulze</marcx:subfield><marcx:subfield code="i">Kaj Christensen: guitar</marcx:subfield><marcx:subfield code="i">Erling Hansen: violin, banjo og mandolin</marcx:subfield><marcx:subfield code="i">Ronny Heicker: bas</marcx:subfield><marcx:subfield code="i">Stig Petersen: harmonika og flygel</marcx:subfield><marcx:subfield code="i">Bob Schulze: guitar</marcx:subfield><marcx:subfield code="i">teknik PH</marcx:subfield><marcx:subfield code="i">produktion Erling Hansen</marcx:subfield></marcx:datafield><marcx:datafield tag="260" ind1="0" ind2="0"><marcx:subfield code="a">Korsør</marcx:subfield><marcx:subfield code="b">Erling Hansen</marcx:subfield><marcx:subfield code="c">[1998]</marcx:subfield></marcx:datafield><marcx:datafield tag="300" ind1="0" ind2="0"><marcx:subfield code="n">1 cd</marcx:subfield></marcx:datafield><marcx:datafield tag="512" ind1="0" ind2="0"><marcx:subfield code="a">Indspillet i København august-oktober 1998</marcx:subfield></marcx:datafield><marcx:datafield tag="531" ind1="0" ind2="0"><marcx:subfield code="a">Indhold:</marcx:subfield></marcx:datafield><marcx:datafield tag="538" ind1="0" ind2="0"><marcx:subfield code="f">Erling Hansen</marcx:subfield><marcx:subfield code="g">EH 101</marcx:subfield></marcx:datafield><marcx:datafield tag="652" ind1="0" ind2="0"><marcx:subfield code="m">78.797</marcx:subfield><marcx:subfield code="v">6</marcx:subfield></marcx:datafield><marcx:datafield tag="666" ind1="0" ind2="0"><marcx:subfield code="0"/><marcx:subfield code="m">folkemusik</marcx:subfield><marcx:subfield code="m">spillemandsmusik</marcx:subfield><marcx:subfield code="n">instrumental</marcx:subfield><marcx:subfield code="n">violin</marcx:subfield><marcx:subfield code="p">1990-1999</marcx:subfield><marcx:subfield code="l">Danmark</marcx:subfield></marcx:datafield><marcx:datafield tag="700" ind1="0" ind2="0"><marcx:subfield code="a">Christensen</marcx:subfield><marcx:subfield code="h">Kaj</marcx:subfield></marcx:datafield><marcx:datafield tag="700" ind1="0" ind2="0"><marcx:subfield code="a">Heicker</marcx:subfield><marcx:subfield code="h">Ronny</marcx:subfield></marcx:datafield><marcx:datafield tag="700" ind1="0" ind2="0"><marcx:subfield code="a">Petersen</marcx:subfield><marcx:subfield code="h">Stig</marcx:subfield></marcx:datafield><marcx:datafield tag="700" ind1="0" ind2="0"><marcx:subfield code="a">Schulze</marcx:subfield><marcx:subfield code="h">Bob</marcx:subfield></marcx:datafield><marcx:datafield tag="700" ind1="0" ind2="0"><marcx:subfield code="a">Storm</marcx:subfield><marcx:subfield code="h">Rasmus</marcx:subfield></marcx:datafield><marcx:datafield tag="795" ind1="0" ind2="0"><marcx:subfield code="å">11</marcx:subfield><marcx:subfield code="a">Gamle Toza</marcx:subfield><marcx:subfield code="i">traditionel fra Bornholm</marcx:subfield><marcx:subfield code="a">Rømeseren</marcx:subfield><marcx:subfield code="i">traditionel sønderhoning</marcx:subfield><marcx:subfield code="a">Jannes reinlender</marcx:subfield><marcx:subfield code="i">traditionel norsk</marcx:subfield><marcx:subfield code="a">Vals nr. 12</marcx:subfield><marcx:subfield code="i">traditionel efter Svenske Niels</marcx:subfield><marcx:subfield code="a">Bornholmsk engelskdans nr. 65</marcx:subfield><marcx:subfield code="i">traditionel fra Bornholm</marcx:subfield><marcx:subfield code="a">Rækkedanse fra Orkney- og Shetlandsøerne</marcx:subfield><marcx:subfield code="i">to traditionelle rækkedanse fra Nordatlanten</marcx:subfield><marcx:subfield code="a">Menuet nr. 30</marcx:subfield><marcx:subfield code="i">traditionel efter Rasmus Storm</marcx:subfield><marcx:subfield code="a">Bornholmsk engelskdans nr. 51</marcx:subfield><marcx:subfield code="i">traditionel fra Bornholm</marcx:subfield><marcx:subfield code="a">Vals til én uden navn</marcx:subfield><marcx:subfield code="i">melodi: Erling Hansen</marcx:subfield><marcx:subfield code="a">Nu er jord og himmel stille</marcx:subfield><marcx:subfield code="i">traditionel svensk/dansk</marcx:subfield><marcx:subfield code="a">To finske valse</marcx:subfield><marcx:subfield code="7"> (</marcx:subfield><marcx:subfield code="a">Emmas vals</marcx:subfield><marcx:subfield code="a">Vals efter Elias Rautio</marcx:subfield><marcx:subfield code="7">)</marcx:subfield><marcx:subfield code="i">traditionelle fra Finland</marcx:subfield><marcx:subfield code="a">Kydholmerdansen</marcx:subfield><marcx:subfield code="i">traditionel dans fra Samsø</marcx:subfield><marcx:subfield code="a">Klinkevals</marcx:subfield><marcx:subfield code="i">traditionel fra Slagelse</marcx:subfield><marcx:subfield code="a">Stenselepolskan</marcx:subfield><marcx:subfield code="i">traditionel fra Nordsverige</marcx:subfield><marcx:subfield code="a">Det er hvidt derude</marcx:subfield><marcx:subfield code="i">gammel dansk vintersalme</marcx:subfield></marcx:datafield><marcx:datafield tag="990" ind1="0" ind2="0"><marcx:subfield code="a">SFG</marcx:subfield><marcx:subfield code="c">C</marcx:subfield><marcx:subfield code="o">199908</marcx:subfield><marcx:subfield code="t">12.03.99</marcx:subfield></marcx:datafield><marcx:datafield tag="996" ind1="0" ind2="0"><marcx:subfield code="a">DBC</marcx:subfield></marcx:datafield></marcx:record>