
<marcx:record format="danMARC2" type="Bibliographic" xmlns:marcx="info:lc/xmlns/marcxchange-v1"><marcx:leader>00000n    2200000   4500</marcx:leader><marcx:datafield tag="001" ind1="0" ind2="0"><marcx:subfield code="a">41973684</marcx:subfield><marcx:subfield code="b">191919</marcx:subfield><marcx:subfield code="c">19990510195553</marcx:subfield><marcx:subfield code="d">19990510</marcx:subfield><marcx:subfield code="f">a</marcx:subfield></marcx:datafield><marcx:datafield tag="002" ind1="0" ind2="0"><marcx:subfield code="b">714700</marcx:subfield><marcx:subfield code="c">90544020</marcx:subfield><marcx:subfield code="x">71470090544020</marcx:subfield></marcx:datafield><marcx:datafield tag="004" ind1="0" ind2="0"><marcx:subfield code="r">n</marcx:subfield><marcx:subfield code="a">e</marcx:subfield></marcx:datafield><marcx:datafield tag="008" ind1="0" ind2="0"><marcx:subfield code="t">s</marcx:subfield><marcx:subfield code="v">0</marcx:subfield></marcx:datafield><marcx:datafield tag="009" ind1="0" ind2="0"><marcx:subfield code="a">s</marcx:subfield><marcx:subfield code="g">xc</marcx:subfield></marcx:datafield><marcx:datafield tag="039" ind1="0" ind2="0"><marcx:subfield code="a">und</marcx:subfield></marcx:datafield><marcx:datafield tag="100" ind1="0" ind2="0"><marcx:subfield code="a">Mohd</marcx:subfield><marcx:subfield code="h">Rafi</marcx:subfield></marcx:datafield><marcx:datafield tag="245" ind1="0" ind2="0"><marcx:subfield code="a">In a light mood</marcx:subfield><marcx:subfield code="e">Rafi Mohd med akkompagnement</marcx:subfield></marcx:datafield><marcx:datafield tag="260" ind1="0" ind2="0"><marcx:subfield code="b">EMI</marcx:subfield></marcx:datafield><marcx:datafield tag="504" ind1="0" ind2="0"><marcx:subfield code="a">Sange fra indiske film</marcx:subfield></marcx:datafield><marcx:datafield tag="512" ind1="0" ind2="0"><marcx:subfield code="a">Indspillet 1961-1971</marcx:subfield></marcx:datafield><marcx:datafield tag="531" ind1="0" ind2="0"><marcx:subfield code="a">Indhold:</marcx:subfield></marcx:datafield><marcx:datafield tag="538" ind1="0" ind2="0"><marcx:subfield code="f">EMI</marcx:subfield><marcx:subfield code="g">CD PMLP 5572</marcx:subfield></marcx:datafield><marcx:datafield tag="652" ind1="0" ind2="0"><marcx:subfield code="m">78.811</marcx:subfield></marcx:datafield><marcx:datafield tag="652" ind1="0" ind2="0"><marcx:subfield code="p">78.797</marcx:subfield><marcx:subfield code="v">8231</marcx:subfield></marcx:datafield><marcx:datafield tag="666" ind1="0" ind2="0"><marcx:subfield code="m">filmmusik</marcx:subfield><marcx:subfield code="m">filmsange</marcx:subfield><marcx:subfield code="n">vokal</marcx:subfield><marcx:subfield code="p">1960-1969</marcx:subfield><marcx:subfield code="p">1970-1979</marcx:subfield><marcx:subfield code="l">Indien</marcx:subfield></marcx:datafield><marcx:datafield tag="795" ind1="0" ind2="0"><marcx:subfield code="å">11</marcx:subfield><marcx:subfield code="a">April fool (April fool banaya)</marcx:subfield><marcx:subfield code="a">Jab pyar kisi se hota hai (Jab pyar kisi se hota hai)</marcx:subfield><marcx:subfield code="a">Neend hamari khwab tumhare (Yoon rootho na haseena)</marcx:subfield><marcx:subfield code="a">Farz (Mast baharon ka)</marcx:subfield><marcx:subfield code="a">Aaye din bahaar ke (Khudaya khair)</marcx:subfield><marcx:subfield code="a">Love in Tokyo (Love in Tokyo)</marcx:subfield><marcx:subfield code="a">Pyar kiye ja (Gore haathon pe)</marcx:subfield><marcx:subfield code="a">Duniya (Jawan tum ho)</marcx:subfield><marcx:subfield code="a">Jhuk gaya aasman (Kahan chal diye)</marcx:subfield><marcx:subfield code="a">Hasina maan jaayegi (O dilbar janiye)</marcx:subfield><marcx:subfield code="a">Shagird (Bade miyan diwane)</marcx:subfield><marcx:subfield code="a">Aamne saamne (Nain milakar chain churana)</marcx:subfield><marcx:subfield code="a">Anjaana (Meri mohabbat teri jawani)</marcx:subfield><marcx:subfield code="a">Aap aye bahaar ayee (Aap aye bahaar ayee)</marcx:subfield></marcx:datafield><marcx:datafield tag="795" ind1="0" ind2="0"><marcx:subfield code="å">40</marcx:subfield><marcx:subfield code="y">0</marcx:subfield><marcx:subfield code="a">April fool banaya</marcx:subfield><marcx:subfield code="a">Jab pyar kisi se hota hai</marcx:subfield><marcx:subfield code="a">Yoon rootho na haseena</marcx:subfield><marcx:subfield code="a">Mast baharon ka</marcx:subfield><marcx:subfield code="a">Khudaya khair</marcx:subfield><marcx:subfield code="a">Love in Tokyo</marcx:subfield><marcx:subfield code="a">Gore haathon pe</marcx:subfield><marcx:subfield code="a">Jawan tum ho</marcx:subfield><marcx:subfield code="a">Kahan chal diye</marcx:subfield><marcx:subfield code="a">O dilbar janiye</marcx:subfield><marcx:subfield code="a">Bade miyan diwane</marcx:subfield><marcx:subfield code="a">Nain milakar chain churana</marcx:subfield><marcx:subfield code="a">Meri mohabbat teri jawani</marcx:subfield><marcx:subfield code="a">Aap aye bahaar ayee</marcx:subfield></marcx:datafield><marcx:datafield tag="996" ind1="0" ind2="0"><marcx:subfield code="a">714700</marcx:subfield></marcx:datafield></marcx:record>