
<record xsi:schemaLocation="http://www.loc.gov/standards/iso25577/marcxchange-1-1.xsd" xmlns="info:lc/xmlns/marcxchange-v1" xmlns:xsi="http://www.w3.org/2001/XMLSchema-instance"><leader>00000n    2200000   4500</leader><datafield tag="001" ind1="0" ind2="0"><subfield code="a">45706869</subfield><subfield code="b">191919</subfield><subfield code="c">20150827151812</subfield><subfield code="d">20150827</subfield><subfield code="f">a</subfield></datafield><datafield tag="002" ind1="0" ind2="0"><subfield code="b">714700</subfield><subfield code="c">91037416</subfield><subfield code="x">71470091037416</subfield></datafield><datafield tag="004" ind1="0" ind2="0"><subfield code="r">c</subfield><subfield code="a">e</subfield></datafield><datafield tag="008" ind1="0" ind2="0"><subfield code="t">s</subfield><subfield code="u">f</subfield><subfield code="a">2015</subfield><subfield code="b">gb</subfield><subfield code="v">0</subfield></datafield><datafield tag="009" ind1="0" ind2="0"><subfield code="a">s</subfield><subfield code="g">xc</subfield><subfield code="b">a</subfield><subfield code="h">xx</subfield></datafield><datafield tag="039" ind1="0" ind2="0"><subfield code="a">kaa</subfield></datafield><datafield tag="245" ind1="0" ind2="0"><subfield code="a">Piano Sonata  no. 18</subfield><subfield code="c">plus Britten Lachrymae, Shostakovich Cello Sonata</subfield></datafield><datafield tag="260" ind1="0" ind2="0"><subfield code="a">BBC Music</subfield><subfield code="c">p 2015</subfield></datafield><datafield tag="300" ind1="0" ind2="0"><subfield code="n">1 cd</subfield><subfield code="d">1 kommentarbilag</subfield></datafield><datafield tag="440" ind1="0" ind2="0"><subfield code="a">BBC music magazine</subfield><subfield code="v">volume 23, number 11</subfield></datafield><datafield tag="512" ind1="0" ind2="0"><subfield code="a">Indspillet i BBC Maida Vale Studio 1, London 26. januar 2014 (Beethoven), Maida Vale Studio 2, London 9. marts 2014 (Britten) og Maida Vale Studio 2, London 30. november 2014 (Sjostakovitj)</subfield></datafield><datafield tag="526" ind1="0" ind2="0"><subfield code="a">Udgivet med tidsskriftet BBC music magazine, august 2015</subfield></datafield><datafield tag="531" ind1="0" ind2="0"><subfield code="a">Indhold:</subfield></datafield><datafield tag="538" ind1="0" ind2="0"><subfield code="f">BBC music</subfield><subfield code="g">MM 386</subfield></datafield><datafield tag="652" ind1="0" ind2="0"><subfield code="m">78.434</subfield></datafield><datafield tag="652" ind1="0" ind2="0"><subfield code="å">11</subfield></datafield><datafield tag="652" ind1="0" ind2="0"><subfield code="å">12</subfield><subfield code="i">78.434</subfield><subfield code="v">3</subfield></datafield><datafield tag="652" ind1="0" ind2="0"><subfield code="å">13</subfield><subfield code="i">78.434</subfield><subfield code="v">4</subfield></datafield><datafield tag="652" ind1="0" ind2="0"><subfield code="å">14</subfield><subfield code="i">78.411</subfield></datafield><datafield tag="666" ind1="0" ind2="0"><subfield code="m">neoklassik</subfield><subfield code="m">senromantik</subfield><subfield code="m">romantik</subfield><subfield code="m">wienerklassik</subfield><subfield code="m">sonate</subfield><subfield code="n">klaver</subfield><subfield code="n">cello</subfield><subfield code="n">orkester</subfield><subfield code="n">viola</subfield><subfield code="n">bratch</subfield><subfield code="n">violoncel</subfield><subfield code="p">1800-1809</subfield><subfield code="p">1910-1919</subfield><subfield code="p">1930-1939</subfield><subfield code="p">1950-1959</subfield></datafield><datafield tag="700" ind1="0" ind2="0"><subfield code="å">1</subfield><subfield code="a">Zhang</subfield><subfield code="h">Zuo</subfield></datafield><datafield tag="700" ind1="0" ind2="0"><subfield code="a">Berthaud</subfield><subfield code="h">Lise</subfield></datafield><datafield tag="700" ind1="0" ind2="0"><subfield code="a">Pinel</subfield><subfield code="h">François</subfield></datafield><datafield tag="700" ind1="0" ind2="0"><subfield code="a">Hakhnazaryan</subfield><subfield code="h">Narek</subfield></datafield><datafield tag="700" ind1="0" ind2="0"><subfield code="a">Apekisjeva</subfield><subfield code="h">Katja</subfield></datafield><datafield tag="700" ind1="0" ind2="0"><subfield code="a">Søndergård</subfield><subfield code="h">Thomas</subfield><subfield code="c">f. 1969</subfield></datafield><datafield tag="710" ind1="0" ind2="0"><subfield code="a">BBC's Walisiske Symfoniorkester</subfield></datafield><datafield tag="770" ind1="0" ind2="0"><subfield code="å">11</subfield><subfield code="a">Beethoven</subfield><subfield code="h">Ludwig van</subfield></datafield><datafield tag="770" ind1="0" ind2="0"><subfield code="å">12</subfield><subfield code="a">Britten</subfield><subfield code="h">Benjamin</subfield></datafield><datafield tag="770" ind1="0" ind2="0"><subfield code="å">13</subfield><subfield code="a">Sjostakovitj</subfield><subfield code="h">Dmitrij</subfield></datafield><datafield tag="770" ind1="0" ind2="0"><subfield code="å">14</subfield><subfield code="a">Holst</subfield><subfield code="h">Gustav</subfield></datafield><datafield tag="795" ind1="0" ind2="0"><subfield code="å">11</subfield><subfield code="a">Sonate for klaver nr. 18, Es-dur, opus 31:3</subfield><subfield code="e">Zhang Zuo, klaver</subfield></datafield><datafield tag="795" ind1="0" ind2="0"><subfield code="å">12</subfield><subfield code="a">Lachrymae, opus 28</subfield><subfield code="e">Lise Berthaud, viola</subfield><subfield code="e">François Pinel, klaver</subfield></datafield><datafield tag="795" ind1="0" ind2="0"><subfield code="å">13</subfield><subfield code="a">Sonate for violoncel og klaver, opus 40</subfield><subfield code="e">Narek Hakhnazaryan, violoncel</subfield><subfield code="e">Katya Apekisheva, klaver</subfield></datafield><datafield tag="795" ind1="0" ind2="0"><subfield code="å">14</subfield><subfield code="a">Planeterne, opus 32</subfield><subfield code="7">(</subfield><subfield code="v">Mars</subfield><subfield code="7">) /</subfield><subfield code="e">BBC National Orchestra of Wales</subfield><subfield code="e">dirigent: Thomas Søndergård</subfield></datafield><datafield tag="900" ind1="0" ind2="0"><subfield code="a">Zuo</subfield><subfield code="h">Zhang</subfield><subfield code="z">700/1</subfield></datafield><datafield tag="996" ind1="0" ind2="0"><subfield code="a">714700</subfield></datafield></record>