
<marcx:record format="danMARC2" type="Bibliographic" xmlns:marcx="info:lc/xmlns/marcxchange-v1"><marcx:leader>00000n    2200000   4500</marcx:leader><marcx:datafield tag="001" ind1="0" ind2="0"><marcx:subfield code="a">22370006</marcx:subfield><marcx:subfield code="b">191919</marcx:subfield><marcx:subfield code="c">20000515033431</marcx:subfield><marcx:subfield code="d">19990212</marcx:subfield><marcx:subfield code="f">a</marcx:subfield></marcx:datafield><marcx:datafield tag="004" ind1="0" ind2="0"><marcx:subfield code="r">n</marcx:subfield><marcx:subfield code="a">e</marcx:subfield></marcx:datafield><marcx:datafield tag="008" ind1="0" ind2="0"><marcx:subfield code="t">s</marcx:subfield><marcx:subfield code="u">f</marcx:subfield><marcx:subfield code="a">1998</marcx:subfield><marcx:subfield code="b">de</marcx:subfield><marcx:subfield code="v">0</marcx:subfield></marcx:datafield><marcx:datafield tag="009" ind1="0" ind2="0"><marcx:subfield code="a">s</marcx:subfield><marcx:subfield code="g">xc</marcx:subfield></marcx:datafield><marcx:datafield tag="021" ind1="0" ind2="0"><marcx:subfield code="d">kr. 147,00</marcx:subfield></marcx:datafield><marcx:datafield tag="032" ind1="0" ind2="0"><marcx:subfield code="x">SFG199908</marcx:subfield><marcx:subfield code="x">DAT199936</marcx:subfield><marcx:subfield code="x">DAT200021</marcx:subfield></marcx:datafield><marcx:datafield tag="039" ind1="0" ind2="0"><marcx:subfield code="a">fil</marcx:subfield></marcx:datafield><marcx:datafield tag="245" ind1="0" ind2="0"><marcx:subfield code="a">Tango</marcx:subfield><marcx:subfield code="c">original motion picture soundtrack</marcx:subfield><marcx:subfield code="e">original music by Lalo Schifrin ... [et al.]</marcx:subfield><marcx:subfield code="e">orchestra ensemble</marcx:subfield><marcx:subfield code="e">dirigent: Lalo Schifrin</marcx:subfield></marcx:datafield><marcx:datafield tag="260" ind1="0" ind2="0"><marcx:subfield code="a">Hamburg</marcx:subfield><marcx:subfield code="b">DGG</marcx:subfield><marcx:subfield code="c">p 1998</marcx:subfield></marcx:datafield><marcx:datafield tag="300" ind1="0" ind2="0"><marcx:subfield code="n">1 cd</marcx:subfield><marcx:subfield code="b">digitaloptagelse</marcx:subfield></marcx:datafield><marcx:datafield tag="512" ind1="0" ind2="0"><marcx:subfield code="a">Indspillet i Buenos Aires, Argentina 1997</marcx:subfield></marcx:datafield><marcx:datafield tag="526" ind1="0" ind2="0"><marcx:subfield code="a">Af lydsporet til Carlos Sauras film: Tango</marcx:subfield></marcx:datafield><marcx:datafield tag="531" ind1="0" ind2="0"><marcx:subfield code="a">Indhold:</marcx:subfield></marcx:datafield><marcx:datafield tag="538" ind1="0" ind2="0"><marcx:subfield code="f">DGG</marcx:subfield><marcx:subfield code="g">459145-2</marcx:subfield></marcx:datafield><marcx:datafield tag="652" ind1="0" ind2="0"><marcx:subfield code="m">78.81</marcx:subfield><marcx:subfield code="v">8</marcx:subfield></marcx:datafield><marcx:datafield tag="666" ind1="0" ind2="0"><marcx:subfield code="0"/><marcx:subfield code="m">filmmusik</marcx:subfield><marcx:subfield code="m">tango</marcx:subfield><marcx:subfield code="m">dansemusik</marcx:subfield><marcx:subfield code="n">instrumental</marcx:subfield><marcx:subfield code="n">orkester</marcx:subfield><marcx:subfield code="p">1990-1999</marcx:subfield><marcx:subfield code="l">Argentina</marcx:subfield></marcx:datafield><marcx:datafield tag="666" ind1="0" ind2="0"><marcx:subfield code="0"/><marcx:subfield code="o">soundtracks</marcx:subfield></marcx:datafield><marcx:datafield tag="700" ind1="0" ind2="0"><marcx:subfield code="a">Schifrin</marcx:subfield><marcx:subfield code="h">Lalo</marcx:subfield></marcx:datafield><marcx:datafield tag="700" ind1="0" ind2="0"><marcx:subfield code="a">Saura</marcx:subfield><marcx:subfield code="h">Carlos</marcx:subfield></marcx:datafield><marcx:datafield tag="700" ind1="0" ind2="0"><marcx:subfield code="a">Vigil</marcx:subfield><marcx:subfield code="h">Viviana</marcx:subfield></marcx:datafield><marcx:datafield tag="700" ind1="0" ind2="0"><marcx:subfield code="a">Pilatti</marcx:subfield><marcx:subfield code="h">Hector</marcx:subfield></marcx:datafield><marcx:datafield tag="710" ind1="0" ind2="0"><marcx:subfield code="a">Quinteto Real</marcx:subfield></marcx:datafield><marcx:datafield tag="795" ind1="0" ind2="0"><marcx:subfield code="å">11</marcx:subfield><marcx:subfield code="a">Tango del atardecer</marcx:subfield><marcx:subfield code="a">Calambre</marcx:subfield><marcx:subfield code="a">El ¤choclo</marcx:subfield><marcx:subfield code="a">Tango bárbaro</marcx:subfield><marcx:subfield code="a">Caminito</marcx:subfield><marcx:subfield code="a">Tango lunaire</marcx:subfield><marcx:subfield code="a">La ¤cumparsita</marcx:subfield><marcx:subfield code="a">Recuerdo</marcx:subfield><marcx:subfield code="a">Los ¤inmigrantes</marcx:subfield><marcx:subfield code="a">A fuego lento</marcx:subfield><marcx:subfield code="e">Quinteto Real</marcx:subfield><marcx:subfield code="a">Quejas de bandoneón</marcx:subfield><marcx:subfield code="a">A Juan Carlos Copes</marcx:subfield><marcx:subfield code="a">Nostalgias</marcx:subfield><marcx:subfield code="a">A Don Augustín Bardi</marcx:subfield><marcx:subfield code="a">La ¤represión</marcx:subfield><marcx:subfield code="a">Flores del alma</marcx:subfield><marcx:subfield code="e">with Viviana Vigil and Hector Pilatti</marcx:subfield><marcx:subfield code="a">Picante</marcx:subfield><marcx:subfield code="a">Tanga para percusión</marcx:subfield><marcx:subfield code="a">Carozón de oro</marcx:subfield><marcx:subfield code="a">Zorro gris</marcx:subfield><marcx:subfield code="a">La ¤yumba</marcx:subfield><marcx:subfield code="a">Tango del atardecer</marcx:subfield></marcx:datafield><marcx:datafield tag="990" ind1="0" ind2="0"><marcx:subfield code="a">SFG</marcx:subfield><marcx:subfield code="c">C</marcx:subfield><marcx:subfield code="o">199908</marcx:subfield><marcx:subfield code="t">12.03.99</marcx:subfield></marcx:datafield><marcx:datafield tag="996" ind1="0" ind2="0"><marcx:subfield code="a">DBC</marcx:subfield></marcx:datafield></marcx:record>