
<record xsi:schemaLocation="http://www.loc.gov/standards/iso25577/marcxchange-1-1.xsd" xmlns="info:lc/xmlns/marcxchange-v1" xmlns:xsi="http://www.w3.org/2001/XMLSchema-instance"><leader>00000n    2200000   4500</leader><datafield tag="001" ind1="0" ind2="0"><subfield code="a">51911792</subfield><subfield code="b">191919</subfield><subfield code="c">20151012092844</subfield><subfield code="d">20150827</subfield><subfield code="f">a</subfield></datafield><datafield tag="004" ind1="0" ind2="0"><subfield code="r">n</subfield><subfield code="a">h</subfield></datafield><datafield tag="006" ind1="0" ind2="0"><subfield code="d">15</subfield><subfield code="2">b</subfield></datafield><datafield tag="006" ind1="0" ind2="0"><subfield code="c">20151006</subfield><subfield code="2">e</subfield></datafield><datafield tag="008" ind1="0" ind2="0"><subfield code="u">f</subfield><subfield code="a">2015</subfield><subfield code="b">dk</subfield><subfield code="l">eng</subfield><subfield code="v">0</subfield></datafield><datafield tag="009" ind1="0" ind2="0"><subfield code="a">m</subfield><subfield code="g">th</subfield></datafield><datafield tag="021" ind1="0" ind2="0"><subfield code="b">Brugsretskategori: C+</subfield></datafield><datafield tag="023" ind1="0" ind2="0"><subfield code="b">5706710238904</subfield></datafield><datafield tag="041" ind1="0" ind2="0"><subfield code="a">eng</subfield><subfield code="u">dan</subfield><subfield code="u">fin</subfield><subfield code="u">swe</subfield><subfield code="u">nor</subfield></datafield><datafield tag="245" ind1="0" ind2="0"><subfield code="a">Halt and catch fire</subfield><subfield code="ø">Sæson 1</subfield></datafield><datafield tag="260" ind1="0" ind2="0"><subfield code="a">Kbh.</subfield><subfield code="b">SF Film</subfield><subfield code="c">2015</subfield></datafield><datafield tag="300" ind1="0" ind2="0"><subfield code="n">3 dvd-videoer</subfield><subfield code="l">3 t., 35 min.</subfield></datafield><datafield tag="504" ind1="0" ind2="0"><subfield code="&amp;">1</subfield><subfield code="a">Hvor langt vil du gå for at skabe noget, du altid har drømt om? Hvor langt vil du gå for at få succes? Et fuldstændigt inkompatibelt trekløver sætter sig, i start 80erne, for at bygge en helt ny computertype, der vil udfordre den altdominerende computergigant IBM</subfield></datafield><datafield tag="508" ind1="0" ind2="0"><subfield code="a">Engelsk tale</subfield></datafield><datafield tag="508" ind1="0" ind2="0"><subfield code="a">Undertekster på dansk, finsk, norsk og svensk</subfield></datafield><datafield tag="512" ind1="0" ind2="0"><subfield code="a">På materialet: Season one</subfield></datafield><datafield tag="512" ind1="0" ind2="0"><subfield code="a">Produktion: AMC (USA), Lockjaw (USA), Gran Via Productions (USA), 2014</subfield></datafield><datafield tag="517" ind1="0" ind2="0"><subfield code="&amp;">1</subfield><subfield code="a">Mærkning: Tilladt for børn over 15 år</subfield></datafield><datafield tag="538" ind1="0" ind2="0"><subfield code="a">1200475</subfield></datafield><datafield tag="652" ind1="0" ind2="0"><subfield code="m">77.7</subfield></datafield><datafield tag="666" ind1="0" ind2="0"><subfield code="0"></subfield><subfield code="s">tv-serier</subfield></datafield><datafield tag="666" ind1="0" ind2="0"><subfield code="0"></subfield><subfield code="s">drama</subfield></datafield><datafield tag="666" ind1="0" ind2="0"><subfield code="0"></subfield><subfield code="s">computere</subfield></datafield><datafield tag="666" ind1="0" ind2="0"><subfield code="0"></subfield><subfield code="s">IT-branchen</subfield></datafield><datafield tag="666" ind1="0" ind2="0"><subfield code="0"></subfield><subfield code="q">USA</subfield></datafield><datafield tag="666" ind1="0" ind2="0"><subfield code="0"></subfield><subfield code="q">Texas</subfield></datafield><datafield tag="666" ind1="0" ind2="0"><subfield code="0"></subfield><subfield code="i">1980-1989</subfield></datafield><datafield tag="700" ind1="0" ind2="0"><subfield code="a">Cantwell</subfield><subfield code="h">Christopher</subfield><subfield code="4">cre</subfield></datafield><datafield tag="700" ind1="0" ind2="0"><subfield code="a">Rogers</subfield><subfield code="h">Christopher C.</subfield><subfield code="4">cre</subfield></datafield><datafield tag="720" ind1="0" ind2="0"><subfield code="o">Lee Pace</subfield><subfield code="4">act</subfield></datafield><datafield tag="720" ind1="0" ind2="0"><subfield code="o">Scott McNairy</subfield><subfield code="4">act</subfield></datafield><datafield tag="720" ind1="0" ind2="0"><subfield code="o">Mackenzie Davis</subfield><subfield code="4">act</subfield></datafield><datafield tag="720" ind1="0" ind2="0"><subfield code="o">Kerry Bishé</subfield><subfield code="4">act</subfield></datafield><datafield tag="720" ind1="0" ind2="0"><subfield code="o">Toby Huss</subfield><subfield code="4">act</subfield></datafield><datafield tag="996" ind1="0" ind2="0"><subfield code="a">DBC</subfield></datafield></record>