
<record xsi:schemaLocation="http://www.loc.gov/standards/iso25577/marcxchange-1-1.xsd" xmlns="info:lc/xmlns/marcxchange-v1" xmlns:xsi="http://www.w3.org/2001/XMLSchema-instance"><leader>00000n    2200000   4500</leader><datafield tag="001" ind1="0" ind2="0"><subfield code="a">51912012</subfield><subfield code="b">191919</subfield><subfield code="c">20150827154841</subfield><subfield code="d">20150827</subfield><subfield code="f">a</subfield></datafield><datafield tag="004" ind1="0" ind2="0"><subfield code="r">n</subfield><subfield code="a">e</subfield></datafield><datafield tag="008" ind1="0" ind2="0"><subfield code="t">s</subfield><subfield code="u">f</subfield><subfield code="v">4</subfield></datafield><datafield tag="009" ind1="0" ind2="0"><subfield code="a">s</subfield><subfield code="g">xc</subfield></datafield><datafield tag="100" ind1="0" ind2="0"><subfield code="a">Davis Jr.</subfield><subfield code="h">Seven</subfield></datafield><datafield tag="245" ind1="0" ind2="0"><subfield code="a">Universes</subfield></datafield><datafield tag="260" ind1="0" ind2="0"><subfield code="b">Ninja Tune</subfield></datafield><datafield tag="300" ind1="0" ind2="0"><subfield code="n">2 cd'er</subfield></datafield><datafield tag="652" ind1="0" ind2="0"><subfield code="m">Uden klassemærke</subfield></datafield><datafield tag="900" ind1="0" ind2="0"><subfield code="a">Davis</subfield><subfield code="h">Samuel</subfield><subfield code="z">100</subfield></datafield><datafield tag="996" ind1="0" ind2="0"><subfield code="a">RET</subfield></datafield></record>