
<marcx:record format="danMARC2" type="Bibliographic" xmlns:marcx="info:lc/xmlns/marcxchange-v1"><marcx:leader>00000n    2200000   4500</marcx:leader><marcx:datafield tag="001" ind1="0" ind2="0"><marcx:subfield code="a">41980028</marcx:subfield><marcx:subfield code="b">191919</marcx:subfield><marcx:subfield code="c">19990510212630</marcx:subfield><marcx:subfield code="d">19990510</marcx:subfield><marcx:subfield code="f">a</marcx:subfield></marcx:datafield><marcx:datafield tag="002" ind1="0" ind2="0"><marcx:subfield code="b">746100</marcx:subfield><marcx:subfield code="c">90368923</marcx:subfield><marcx:subfield code="x">74610090368923</marcx:subfield></marcx:datafield><marcx:datafield tag="004" ind1="0" ind2="0"><marcx:subfield code="r">n</marcx:subfield><marcx:subfield code="a">e</marcx:subfield></marcx:datafield><marcx:datafield tag="008" ind1="0" ind2="0"><marcx:subfield code="t">m</marcx:subfield><marcx:subfield code="u">u</marcx:subfield><marcx:subfield code="a">1997</marcx:subfield><marcx:subfield code="b">gb</marcx:subfield><marcx:subfield code="l">eng</marcx:subfield><marcx:subfield code="v">0</marcx:subfield></marcx:datafield><marcx:datafield tag="009" ind1="0" ind2="0"><marcx:subfield code="a">a</marcx:subfield><marcx:subfield code="g">xx</marcx:subfield></marcx:datafield><marcx:datafield tag="021" ind1="0" ind2="0"><marcx:subfield code="a">0-500-27945-4</marcx:subfield></marcx:datafield><marcx:datafield tag="100" ind1="0" ind2="0"><marcx:subfield code="a">Mainstone</marcx:subfield><marcx:subfield code="h">Rowland</marcx:subfield></marcx:datafield><marcx:datafield tag="245" ind1="0" ind2="0"><marcx:subfield code="a">Hagia Sophia</marcx:subfield><marcx:subfield code="c">architecture, structure and liturgy of Justinians's great church</marcx:subfield><marcx:subfield code="e">Rowland J. Mainstone</marcx:subfield></marcx:datafield><marcx:datafield tag="250" ind1="0" ind2="0"><marcx:subfield code="a">1. paperback edition</marcx:subfield><marcx:subfield code="b">÷</marcx:subfield></marcx:datafield><marcx:datafield tag="260" ind1="0" ind2="0"><marcx:subfield code="a">London</marcx:subfield><marcx:subfield code="b">Thames and Hudson</marcx:subfield><marcx:subfield code="c">1997</marcx:subfield></marcx:datafield><marcx:datafield tag="300" ind1="0" ind2="0"><marcx:subfield code="a">288 sider</marcx:subfield><marcx:subfield code="b">ill.</marcx:subfield></marcx:datafield><marcx:datafield tag="532" ind1="0" ind2="0"><marcx:subfield code="a">Selected bibliography: side 282-284</marcx:subfield></marcx:datafield><marcx:datafield tag="652" ind1="0" ind2="0"><marcx:subfield code="m">71.8821</marcx:subfield></marcx:datafield><marcx:datafield tag="996" ind1="0" ind2="0"><marcx:subfield code="a">746100</marcx:subfield></marcx:datafield></marcx:record>