
<marcx:record format="danMARC2" type="Bibliographic" xmlns:marcx="info:lc/xmlns/marcxchange-v1"><marcx:leader>00000n    2200000   4500</marcx:leader><marcx:datafield tag="001" ind1="0" ind2="0"><marcx:subfield code="a">41981040</marcx:subfield><marcx:subfield code="b">191919</marcx:subfield><marcx:subfield code="c">19990510213541</marcx:subfield><marcx:subfield code="d">19990510</marcx:subfield><marcx:subfield code="f">a</marcx:subfield></marcx:datafield><marcx:datafield tag="002" ind1="0" ind2="0"><marcx:subfield code="b">746100</marcx:subfield><marcx:subfield code="c">90373471</marcx:subfield><marcx:subfield code="x">74610090373471</marcx:subfield></marcx:datafield><marcx:datafield tag="004" ind1="0" ind2="0"><marcx:subfield code="r">n</marcx:subfield><marcx:subfield code="a">e</marcx:subfield></marcx:datafield><marcx:datafield tag="008" ind1="0" ind2="0"><marcx:subfield code="t">m</marcx:subfield><marcx:subfield code="u">f</marcx:subfield><marcx:subfield code="a">1994</marcx:subfield><marcx:subfield code="b">se</marcx:subfield><marcx:subfield code="l">kur</marcx:subfield><marcx:subfield code="v">0</marcx:subfield></marcx:datafield><marcx:datafield tag="009" ind1="0" ind2="0"><marcx:subfield code="a">a</marcx:subfield><marcx:subfield code="g">xx</marcx:subfield></marcx:datafield><marcx:datafield tag="100" ind1="0" ind2="0"><marcx:subfield code="a">Mardîn</marcx:subfield><marcx:subfield code="h">H.</marcx:subfield></marcx:datafield><marcx:datafield tag="245" ind1="0" ind2="0"><marcx:subfield code="a">Chapka bōchūnek lahsar gawrah shahı̄dı̄ galı̄ kūrd dr. 'Abdūlraḥmānı̄ Qāsimlū</marcx:subfield><marcx:subfield code="e">H. Mardîn</marcx:subfield></marcx:datafield><marcx:datafield tag="250" ind1="0" ind2="0"><marcx:subfield code="a">1. upplagan</marcx:subfield><marcx:subfield code="b">÷</marcx:subfield></marcx:datafield><marcx:datafield tag="260" ind1="0" ind2="0"><marcx:subfield code="a">[S.l.]</marcx:subfield><marcx:subfield code="b">[s.n.]</marcx:subfield><marcx:subfield code="c">1994</marcx:subfield></marcx:datafield><marcx:datafield tag="300" ind1="0" ind2="0"><marcx:subfield code="a">90 sider</marcx:subfield><marcx:subfield code="b">ill.</marcx:subfield></marcx:datafield><marcx:datafield tag="502" ind1="0" ind2="0"><marcx:subfield code="a">Oversat titel: Nogle ord om Abdul-Rahman Ghassemlou</marcx:subfield></marcx:datafield><marcx:datafield tag="508" ind1="0" ind2="0"><marcx:subfield code="a">Arabisk skrift</marcx:subfield></marcx:datafield><marcx:datafield tag="512" ind1="0" ind2="0"><marcx:subfield code="a">På omslagets bagside: Çepke boçûnêk le ser gewre şehîdî gelî kurd Dr. Abulrahman Qasimlo (latinsk skrift)</marcx:subfield></marcx:datafield><marcx:datafield tag="652" ind1="0" ind2="0"><marcx:subfield code="å">1</marcx:subfield><marcx:subfield code="m">99.4</marcx:subfield><marcx:subfield code="a">Qasimlo</marcx:subfield><marcx:subfield code="h">Abdurehman</marcx:subfield></marcx:datafield><marcx:datafield tag="745" ind1="0" ind2="0"><marcx:subfield code="a">Çepke boçûnêk le ser gewre şehîdî gelî kurd Dr. Abulrahman Qasimlo</marcx:subfield></marcx:datafield><marcx:datafield tag="900" ind1="0" ind2="0"><marcx:subfield code="a">Qāsimlū</marcx:subfield><marcx:subfield code="h">ʻAbd al-Rahmān</marcx:subfield><marcx:subfield code="z">652/1(a,h)</marcx:subfield></marcx:datafield><marcx:datafield tag="900" ind1="0" ind2="0"><marcx:subfield code="a">Ghassemlou</marcx:subfield><marcx:subfield code="h">Abdul Rahman</marcx:subfield><marcx:subfield code="z">652/1(a,h)</marcx:subfield></marcx:datafield><marcx:datafield tag="996" ind1="0" ind2="0"><marcx:subfield code="a">746100</marcx:subfield></marcx:datafield></marcx:record>