
<marcx:record format="danMARC2" type="Bibliographic" xmlns:marcx="info:lc/xmlns/marcxchange-v1"><marcx:leader>00000n    2200000   4500</marcx:leader><marcx:datafield tag="001" ind1="0" ind2="0"><marcx:subfield code="a">22371029</marcx:subfield><marcx:subfield code="b">191919</marcx:subfield><marcx:subfield code="c">19990412162238</marcx:subfield><marcx:subfield code="d">19990215</marcx:subfield><marcx:subfield code="f">a</marcx:subfield></marcx:datafield><marcx:datafield tag="004" ind1="0" ind2="0"><marcx:subfield code="r">n</marcx:subfield><marcx:subfield code="a">e</marcx:subfield></marcx:datafield><marcx:datafield tag="008" ind1="0" ind2="0"><marcx:subfield code="t">s</marcx:subfield><marcx:subfield code="u">f</marcx:subfield><marcx:subfield code="a">1999</marcx:subfield><marcx:subfield code="b">dk</marcx:subfield><marcx:subfield code="l">dan</marcx:subfield><marcx:subfield code="v">0</marcx:subfield></marcx:datafield><marcx:datafield tag="009" ind1="0" ind2="0"><marcx:subfield code="a">a</marcx:subfield><marcx:subfield code="g">xx</marcx:subfield></marcx:datafield><marcx:datafield tag="021" ind1="0" ind2="0"><marcx:subfield code="a">87-00-36776-1</marcx:subfield><marcx:subfield code="c">hf.</marcx:subfield><marcx:subfield code="d">kr. 275,00</marcx:subfield></marcx:datafield><marcx:datafield tag="032" ind1="0" ind2="0"><marcx:subfield code="a">DBF199910</marcx:subfield><marcx:subfield code="x">SFD199910</marcx:subfield><marcx:subfield code="x">DAT199908</marcx:subfield></marcx:datafield><marcx:datafield tag="245" ind1="0" ind2="0"><marcx:subfield code="a">Bogens virkelighed</marcx:subfield><marcx:subfield code="e">redigeret af Thomas Bredsdorff ... [et al.]</marcx:subfield></marcx:datafield><marcx:datafield tag="260" ind1="0" ind2="0"><marcx:subfield code="&amp;">1</marcx:subfield><marcx:subfield code="a">[Kbh.]</marcx:subfield><marcx:subfield code="b">Gyldendal</marcx:subfield><marcx:subfield code="c">1999</marcx:subfield><marcx:subfield code="k">Nordisk Bog Center, Haslev</marcx:subfield></marcx:datafield><marcx:datafield tag="300" ind1="0" ind2="0"><marcx:subfield code="a">262 sider</marcx:subfield></marcx:datafield><marcx:datafield tag="530" ind1="0" ind2="0"><marcx:subfield code="&amp;">1</marcx:subfield><marcx:subfield code="a">Indhold: Martin A. Hansen: Bogen. John Chr. Jørgensen: Mølleren og hans lærlinge : Sven Møller Kristensen og hans betydning for dansk litteraturforskning. Tage Skou-Hansen: Gensyn med "Forsvar for prosaen". Henning Mortensen: Syv tusind jomfruer : om defloration, udbryderkonger og meget andet. Marianne Stidsen: Kunsten ikke at fortælle en historie : om senfirsernes poetiske prosa. Lars Bukdahl: Ordene, tingene og sagerne : virkelighedens politik i disse halvfemsere ; Fraktal Funkens fødsel : interview med Twajs fra Takt og Tone. Anders Bodelsen: Historien finder sine former. Pablo Henrik Llambias: At skrive og at lade være. Bent Vinn Nielsen: At komme til fadet. Hanne-Vibeke Holst: Litteraturen i filmen - filmen i litteraturen. Mette Winge: Om glæden ved at lyve : en personlig beretning. Jens Andersen: Litteraturen i små sko : en fantasi. Marie-Louise Kjølbye: Som sommerdug over en sommereng : realisme og eskapisme hos Astrid Lindgren. Thomas Bredsdorff: Dekonstruktionen og verden udenfor. Anne Middelboe Christensen: Da virkeligheden sprængte teatret. Twajs: Finurlig til det sidste : et udvalg af rap-tekster</marcx:subfield></marcx:datafield><marcx:datafield tag="652" ind1="0" ind2="0"><marcx:subfield code="m">80.1</marcx:subfield></marcx:datafield><marcx:datafield tag="652" ind1="0" ind2="0"><marcx:subfield code="p">80.6</marcx:subfield></marcx:datafield><marcx:datafield tag="666" ind1="0" ind2="0"><marcx:subfield code="0"/><marcx:subfield code="f">litteratur</marcx:subfield></marcx:datafield><marcx:datafield tag="666" ind1="0" ind2="0"><marcx:subfield code="0"/><marcx:subfield code="f">litteraturteori</marcx:subfield></marcx:datafield><marcx:datafield tag="666" ind1="0" ind2="0"><marcx:subfield code="0"/><marcx:subfield code="f">litteratursociologi</marcx:subfield></marcx:datafield><marcx:datafield tag="666" ind1="0" ind2="0"><marcx:subfield code="0"/><marcx:subfield code="f">forfattere</marcx:subfield></marcx:datafield><marcx:datafield tag="700" ind1="0" ind2="0"><marcx:subfield code="0"/><marcx:subfield code="a">Bredsdorff</marcx:subfield><marcx:subfield code="h">Thomas</marcx:subfield></marcx:datafield><marcx:datafield tag="990" ind1="0" ind2="0"><marcx:subfield code="a">SFD</marcx:subfield><marcx:subfield code="b">L</marcx:subfield><marcx:subfield code="c">A</marcx:subfield><marcx:subfield code="o">199910</marcx:subfield></marcx:datafield><marcx:datafield tag="996" ind1="0" ind2="0"><marcx:subfield code="a">DBC</marcx:subfield></marcx:datafield></marcx:record>