
<record xsi:schemaLocation="http://www.loc.gov/standards/iso25577/marcxchange-1-1.xsd" xmlns="info:lc/xmlns/marcxchange-v1" xmlns:xsi="http://www.w3.org/2001/XMLSchema-instance"><leader>00000n    2200000   4500</leader><datafield tag="001" ind1="0" ind2="0"><subfield code="a">51912152</subfield><subfield code="b">191919</subfield><subfield code="c">20150923181222</subfield><subfield code="d">20150827</subfield><subfield code="f">a</subfield></datafield><datafield tag="004" ind1="0" ind2="0"><subfield code="r">n</subfield><subfield code="a">e</subfield></datafield><datafield tag="008" ind1="0" ind2="0"><subfield code="t">s</subfield><subfield code="u">f</subfield><subfield code="a">2015</subfield><subfield code="b">de</subfield><subfield code="v">0</subfield></datafield><datafield tag="009" ind1="0" ind2="0"><subfield code="a">s</subfield><subfield code="g">xc</subfield><subfield code="b">a</subfield><subfield code="h">xx</subfield></datafield><datafield tag="023" ind1="0" ind2="0"><subfield code="b">0028947949701</subfield></datafield><datafield tag="032" ind1="0" ind2="0"><subfield code="x">ACM201535</subfield><subfield code="x">BKM201540</subfield></datafield><datafield tag="039" ind1="0" ind2="0"><subfield code="a">eti</subfield></datafield><datafield tag="100" ind1="0" ind2="0"><subfield code="a">Rachmaninov</subfield><subfield code="h">Sergej</subfield></datafield><datafield tag="239" ind1="0" ind2="0"><subfield code="t">Variationer for klaver over et tema af Chopin, opus 22</subfield><subfield code="ø">Trifonov</subfield></datafield><datafield tag="245" ind1="0" ind2="0"><subfield code="a">Rachmaninov variations</subfield><subfield code="e">Daniil Trifonov, klaver</subfield></datafield><datafield tag="260" ind1="0" ind2="0"><subfield code="b">Deutsche Grammophon</subfield><subfield code="c">p 2015</subfield></datafield><datafield tag="300" ind1="0" ind2="0"><subfield code="n">1 cd</subfield><subfield code="d">1 kommentarbilag</subfield></datafield><datafield tag="512" ind1="0" ind2="0"><subfield code="a">Indspillet i New York City og Philadelphia, Pennsylvania 2015</subfield></datafield><datafield tag="531" ind1="0" ind2="0"><subfield code="a">Indhold:</subfield></datafield><datafield tag="538" ind1="0" ind2="0"><subfield code="f">DGG</subfield><subfield code="g">4794970</subfield></datafield><datafield tag="652" ind1="0" ind2="0"><subfield code="m">78.53</subfield></datafield><datafield tag="652" ind1="0" ind2="0"><subfield code="å">11</subfield><subfield code="i">78.412</subfield><subfield code="v">33</subfield></datafield><datafield tag="652" ind1="0" ind2="0"><subfield code="å">12</subfield><subfield code="i">78.53</subfield></datafield><datafield tag="652" ind1="0" ind2="0"><subfield code="å">13</subfield><subfield code="i">78.53</subfield></datafield><datafield tag="652" ind1="0" ind2="0"><subfield code="å">14</subfield><subfield code="i">78.53</subfield></datafield><datafield tag="666" ind1="0" ind2="0"><subfield code="0"></subfield><subfield code="m">senromantik</subfield><subfield code="m">klaversuite</subfield><subfield code="m">suite</subfield><subfield code="n">instrumental</subfield><subfield code="n">orkester</subfield><subfield code="n">klaver</subfield><subfield code="p">1900-1909</subfield><subfield code="p">1930-1939</subfield><subfield code="p">2000-2009</subfield><subfield code="l">Rusland</subfield></datafield><datafield tag="700" ind1="0" ind2="0"><subfield code="å">1</subfield><subfield code="a">Nézet-Séguin</subfield><subfield code="h">Yannick</subfield></datafield><datafield tag="700" ind1="0" ind2="0"><subfield code="a">Trifonov</subfield><subfield code="h">Daniil</subfield></datafield><datafield tag="710" ind1="0" ind2="0"><subfield code="a">Philadelphia-Orkestret</subfield></datafield><datafield tag="770" ind1="0" ind2="0"><subfield code="å">11</subfield><subfield code="a">Rachmaninov</subfield><subfield code="h">Sergej</subfield></datafield><datafield tag="770" ind1="0" ind2="0"><subfield code="å">12</subfield><subfield code="a">Rachmaninov</subfield><subfield code="h">Sergej</subfield></datafield><datafield tag="770" ind1="0" ind2="0"><subfield code="å">13</subfield><subfield code="a">Trifonov</subfield><subfield code="h">Daniil</subfield></datafield><datafield tag="770" ind1="0" ind2="0"><subfield code="å">14</subfield><subfield code="a">Rachmaninov</subfield><subfield code="h">Sergej</subfield></datafield><datafield tag="795" ind1="0" ind2="0"><subfield code="å">11</subfield><subfield code="a">Rapsodi for klaver og orkester over et tema af Paganini, opus 43</subfield><subfield code="e">The Philadelphia Orchestra</subfield><subfield code="e">dirigent: Yannick Nézet-Séguin</subfield></datafield><datafield tag="795" ind1="0" ind2="0"><subfield code="å">12</subfield><subfield code="a">Variationer for klaver over et tema af Chopin, opus 22</subfield></datafield><datafield tag="795" ind1="0" ind2="0"><subfield code="å">13</subfield><subfield code="a">Rachmaniana</subfield></datafield><datafield tag="795" ind1="0" ind2="0"><subfield code="å">14</subfield><subfield code="a">Variationer for klaver over et tema af Corelli, opus 42</subfield></datafield><datafield tag="900" ind1="0" ind2="0"><subfield code="a">Séguin</subfield><subfield code="h">Yannick Nézet-</subfield><subfield code="z">700/1</subfield></datafield><datafield tag="990" ind1="0" ind2="0"><subfield code="o">201540</subfield><subfield code="b">v</subfield><subfield code="u">nt</subfield></datafield><datafield tag="996" ind1="0" ind2="0"><subfield code="a">DBC</subfield></datafield></record>