
<record xsi:schemaLocation="http://www.loc.gov/standards/iso25577/marcxchange-1-1.xsd" xmlns="info:lc/xmlns/marcxchange-v1" xmlns:xsi="http://www.w3.org/2001/XMLSchema-instance"><leader>00000n    2200000   4500</leader><datafield tag="001" ind1="0" ind2="0"><subfield code="a">51912187</subfield><subfield code="b">191919</subfield><subfield code="c">20151001132040</subfield><subfield code="d">20150827</subfield><subfield code="f">a</subfield></datafield><datafield tag="004" ind1="0" ind2="0"><subfield code="r">n</subfield><subfield code="a">e</subfield></datafield><datafield tag="008" ind1="0" ind2="0"><subfield code="t">m</subfield><subfield code="u">f</subfield><subfield code="a">2013</subfield><subfield code="b">dk</subfield><subfield code="d">y</subfield><subfield code="l">eng</subfield><subfield code="n">a</subfield><subfield code="x">04</subfield><subfield code="v">0</subfield><subfield code="w">1</subfield></datafield><datafield tag="009" ind1="0" ind2="0"><subfield code="a">a</subfield><subfield code="g">xe</subfield></datafield><datafield tag="021" ind1="0" ind2="0"><subfield code="e">9788771560251</subfield></datafield><datafield tag="032" ind1="0" ind2="0"><subfield code="x">ACC201535</subfield><subfield code="a">DBF201542</subfield><subfield code="x">ARK201536</subfield></datafield><datafield tag="245" ind1="0" ind2="0"><subfield code="a">Botanical investigations related to the Isau mining project, 2011-2012</subfield></datafield><datafield tag="260" ind1="0" ind2="0"><subfield code="b">Ꜳrhus University, DCE - Danish Centre for Environment and Energy</subfield><subfield code="c">2013</subfield></datafield><datafield tag="440" ind1="0" ind2="0"><subfield code="a">Technical report from DCE - Danish Centre for Environment and Energy</subfield><subfield code="V">25</subfield><subfield code="v">no. 25</subfield></datafield><datafield tag="532" ind1="0" ind2="0"><subfield code="&amp;">1</subfield><subfield code="a">Med litteraturhenvisninger</subfield></datafield><datafield tag="652" ind1="0" ind2="0"><subfield code="m">57.27</subfield></datafield><datafield tag="700" ind1="0" ind2="0"><subfield code="a">Bay</subfield><subfield code="h">Christian</subfield><subfield code="4">aut</subfield></datafield><datafield tag="700" ind1="0" ind2="0"><subfield code="å">1</subfield><subfield code="a">Ernberg</subfield><subfield code="h">Caroline Simonsen</subfield><subfield code="4">aut</subfield></datafield><datafield tag="710" ind1="0" ind2="0"><subfield code="å">1</subfield><subfield code="a">DCE - Nationalt Center for Miljø og Energi</subfield></datafield><datafield tag="840" ind1="0" ind2="0"><subfield code="a">Teknisk rapport fra DCE - Nationalt Center for Miljø og Energi</subfield><subfield code="z">2244-999x</subfield><subfield code="V">25</subfield><subfield code="v">no. 25</subfield></datafield><datafield tag="856" ind1="0" ind2="0"><subfield code="z">Adgangsmåde: Internet</subfield><subfield code="u">http://dce2.au.dk/Pub/TR25.pdf</subfield><subfield code="y">PDF-format</subfield></datafield><datafield tag="900" ind1="0" ind2="0"><subfield code="a">Simonsen</subfield><subfield code="h">Caroline Ernberg</subfield><subfield code="z">700/1</subfield></datafield><datafield tag="910" ind1="0" ind2="0"><subfield code="a">Ꜳrhus Universitet</subfield><subfield code="c">DCE - Nationalt Center for Miljø og Energi</subfield><subfield code="z">710/1</subfield></datafield><datafield tag="910" ind1="0" ind2="0"><subfield code="a">Nationalt Center for Miljø og Energi</subfield><subfield code="z">710/1</subfield></datafield><datafield tag="910" ind1="0" ind2="0"><subfield code="a">DCE - Danish Centre for Environment and Energy</subfield><subfield code="z">710/1</subfield></datafield><datafield tag="910" ind1="0" ind2="0"><subfield code="a">Ꜳrhus University</subfield><subfield code="c">DCE - Danish Centre for Environment and Energy</subfield><subfield code="z">710/1</subfield></datafield><datafield tag="910" ind1="0" ind2="0"><subfield code="a">Danish Centre for Environment and Energy</subfield><subfield code="z">710/1</subfield></datafield><datafield tag="996" ind1="0" ind2="0"><subfield code="a">DBC</subfield></datafield></record>