
<marcx:record format="danMARC2" type="Bibliographic" xmlns:marcx="info:lc/xmlns/marcxchange-v1"><marcx:leader>00000n    2200000   4500</marcx:leader><marcx:datafield tag="001" ind1="0" ind2="0"><marcx:subfield code="a">41977183</marcx:subfield><marcx:subfield code="b">191919</marcx:subfield><marcx:subfield code="c">20040519171350</marcx:subfield><marcx:subfield code="d">19990510</marcx:subfield><marcx:subfield code="f">a</marcx:subfield></marcx:datafield><marcx:datafield tag="002" ind1="0" ind2="0"><marcx:subfield code="b">736900</marcx:subfield><marcx:subfield code="c">90319507</marcx:subfield><marcx:subfield code="x">73690090319507</marcx:subfield></marcx:datafield><marcx:datafield tag="004" ind1="0" ind2="0"><marcx:subfield code="r">n</marcx:subfield><marcx:subfield code="a">e</marcx:subfield></marcx:datafield><marcx:datafield tag="008" ind1="0" ind2="0"><marcx:subfield code="t">s</marcx:subfield><marcx:subfield code="v">4</marcx:subfield></marcx:datafield><marcx:datafield tag="009" ind1="0" ind2="0"><marcx:subfield code="a">s</marcx:subfield><marcx:subfield code="g">xh</marcx:subfield></marcx:datafield><marcx:datafield tag="039" ind1="0" ind2="0"><marcx:subfield code="a">mub</marcx:subfield></marcx:datafield><marcx:datafield tag="245" ind1="0" ind2="0"><marcx:subfield code="a">Pre-school rhymes</marcx:subfield></marcx:datafield><marcx:datafield tag="260" ind1="0" ind2="0"><marcx:subfield code="b">Funtime Favourite</marcx:subfield></marcx:datafield><marcx:datafield tag="531" ind1="0" ind2="0"><marcx:subfield code="a">Indhold:</marcx:subfield></marcx:datafield><marcx:datafield tag="538" ind1="0" ind2="0"><marcx:subfield code="f">Funtime Favourite</marcx:subfield><marcx:subfield code="g">FT 117</marcx:subfield></marcx:datafield><marcx:datafield tag="652" ind1="0" ind2="0"><marcx:subfield code="m">78.69</marcx:subfield></marcx:datafield><marcx:datafield tag="666" ind1="0" ind2="0"><marcx:subfield code="m">børnemusik</marcx:subfield><marcx:subfield code="m">børnesange</marcx:subfield><marcx:subfield code="n">vokal</marcx:subfield><marcx:subfield code="n">vokal</marcx:subfield><marcx:subfield code="l">England</marcx:subfield></marcx:datafield><marcx:datafield tag="795" ind1="0" ind2="0"><marcx:subfield code="å">11</marcx:subfield><marcx:subfield code="a">Hickory dickory dock</marcx:subfield><marcx:subfield code="a">Five little ducks</marcx:subfield><marcx:subfield code="a">Twinkle twinkle little star</marcx:subfield><marcx:subfield code="a">Ding dong dell</marcx:subfield><marcx:subfield code="a">Hot cross buns</marcx:subfield><marcx:subfield code="a">Little Bo Peep</marcx:subfield><marcx:subfield code="a">Round &amp; round the garden</marcx:subfield><marcx:subfield code="a">Lucy Lockett</marcx:subfield><marcx:subfield code="a">Sing a song of sixpence</marcx:subfield><marcx:subfield code="a">Mary Mary quite contrary</marcx:subfield></marcx:datafield><marcx:datafield tag="795" ind1="0" ind2="0"><marcx:subfield code="å">40</marcx:subfield><marcx:subfield code="y">0</marcx:subfield><marcx:subfield code="a">Round and round the garden</marcx:subfield></marcx:datafield><marcx:datafield tag="996" ind1="0" ind2="0"><marcx:subfield code="a">736900</marcx:subfield></marcx:datafield></marcx:record>