
<marcx:record format="danMARC2" type="Bibliographic" xmlns:marcx="info:lc/xmlns/marcxchange-v1"><marcx:leader>00000n    2200000   4500</marcx:leader><marcx:datafield tag="001" ind1="0" ind2="0"><marcx:subfield code="a">41980079</marcx:subfield><marcx:subfield code="b">191919</marcx:subfield><marcx:subfield code="c">20000706164812</marcx:subfield><marcx:subfield code="d">19990510</marcx:subfield><marcx:subfield code="f">a</marcx:subfield></marcx:datafield><marcx:datafield tag="002" ind1="0" ind2="0"><marcx:subfield code="b">746100</marcx:subfield><marcx:subfield code="c">90368990</marcx:subfield><marcx:subfield code="x">74610090368990</marcx:subfield></marcx:datafield><marcx:datafield tag="004" ind1="0" ind2="0"><marcx:subfield code="r">n</marcx:subfield><marcx:subfield code="a">e</marcx:subfield></marcx:datafield><marcx:datafield tag="008" ind1="0" ind2="0"><marcx:subfield code="t">m</marcx:subfield><marcx:subfield code="u">u</marcx:subfield><marcx:subfield code="a">1997</marcx:subfield><marcx:subfield code="b">gb</marcx:subfield><marcx:subfield code="l">eng</marcx:subfield><marcx:subfield code="v">0</marcx:subfield></marcx:datafield><marcx:datafield tag="009" ind1="0" ind2="0"><marcx:subfield code="a">a</marcx:subfield><marcx:subfield code="g">xx</marcx:subfield></marcx:datafield><marcx:datafield tag="021" ind1="0" ind2="0"><marcx:subfield code="a">0-7148-3623-0</marcx:subfield></marcx:datafield><marcx:datafield tag="100" ind1="0" ind2="0"><marcx:subfield code="a">Adams</marcx:subfield><marcx:subfield code="h">Steven</marcx:subfield></marcx:datafield><marcx:datafield tag="245" ind1="0" ind2="0"><marcx:subfield code="a">The ¤Barbizon School &amp; the origins of Impressionism</marcx:subfield><marcx:subfield code="e">Steven Adams</marcx:subfield></marcx:datafield><marcx:datafield tag="250" ind1="0" ind2="0"><marcx:subfield code="a">1. paperback edition</marcx:subfield><marcx:subfield code="b">Paperback</marcx:subfield></marcx:datafield><marcx:datafield tag="260" ind1="0" ind2="0"><marcx:subfield code="a">London</marcx:subfield><marcx:subfield code="b">Phaidon</marcx:subfield><marcx:subfield code="c">1997</marcx:subfield></marcx:datafield><marcx:datafield tag="300" ind1="0" ind2="0"><marcx:subfield code="a">240 sider</marcx:subfield><marcx:subfield code="b">ill. (nogle i farver)</marcx:subfield></marcx:datafield><marcx:datafield tag="532" ind1="0" ind2="0"><marcx:subfield code="a">Bibliography: side 236</marcx:subfield></marcx:datafield><marcx:datafield tag="652" ind1="0" ind2="0"><marcx:subfield code="m">74.2</marcx:subfield></marcx:datafield><marcx:datafield tag="745" ind1="0" ind2="0"><marcx:subfield code="a">The ¤Barbizon School and the origins of Impressionism</marcx:subfield></marcx:datafield><marcx:datafield tag="996" ind1="0" ind2="0"><marcx:subfield code="a">746100</marcx:subfield></marcx:datafield></marcx:record>