
<marcx:record format="danMARC2" type="Bibliographic" xmlns:marcx="info:lc/xmlns/marcxchange-v1"><marcx:leader>00000n    2200000   4500</marcx:leader><marcx:datafield tag="001" ind1="0" ind2="0"><marcx:subfield code="a">23689456</marcx:subfield><marcx:subfield code="b">191919</marcx:subfield><marcx:subfield code="c">20020419004109</marcx:subfield><marcx:subfield code="d">20010925</marcx:subfield><marcx:subfield code="f">a</marcx:subfield></marcx:datafield><marcx:datafield tag="004" ind1="0" ind2="0"><marcx:subfield code="r">n</marcx:subfield><marcx:subfield code="a">e</marcx:subfield></marcx:datafield><marcx:datafield tag="008" ind1="0" ind2="0"><marcx:subfield code="t">s</marcx:subfield><marcx:subfield code="u">f</marcx:subfield><marcx:subfield code="a">2001</marcx:subfield><marcx:subfield code="b">gb</marcx:subfield><marcx:subfield code="v">0</marcx:subfield></marcx:datafield><marcx:datafield tag="009" ind1="0" ind2="0"><marcx:subfield code="a">s</marcx:subfield><marcx:subfield code="g">xc</marcx:subfield></marcx:datafield><marcx:datafield tag="020" ind1="0" ind2="0"><marcx:subfield code="a">dk</marcx:subfield></marcx:datafield><marcx:datafield tag="021" ind1="0" ind2="0"><marcx:subfield code="d">kr. 69,00</marcx:subfield></marcx:datafield><marcx:datafield tag="023" ind1="0" ind2="0"><marcx:subfield code="a">0724357459525</marcx:subfield></marcx:datafield><marcx:datafield tag="032" ind1="0" ind2="0"><marcx:subfield code="x">SFG200141</marcx:subfield><marcx:subfield code="x">DAT200216</marcx:subfield></marcx:datafield><marcx:datafield tag="039" ind1="0" ind2="0"><marcx:subfield code="a">ork</marcx:subfield></marcx:datafield><marcx:datafield tag="100" ind1="0" ind2="0"><marcx:subfield code="a">Vivaldi</marcx:subfield><marcx:subfield code="h">Antonio</marcx:subfield></marcx:datafield><marcx:datafield tag="239" ind1="0" ind2="0"><marcx:subfield code="t">De ¤fire årstider, opus 8:1-4</marcx:subfield><marcx:subfield code="ø">Perlman</marcx:subfield></marcx:datafield><marcx:datafield tag="245" ind1="0" ind2="0"><marcx:subfield code="a">The ¤four seasons</marcx:subfield><marcx:subfield code="e">Vivaldi</marcx:subfield><marcx:subfield code="e">London Philharmonic Orchestra</marcx:subfield></marcx:datafield><marcx:datafield tag="260" ind1="0" ind2="0"><marcx:subfield code="a">[S.l.]</marcx:subfield><marcx:subfield code="b">EMI</marcx:subfield><marcx:subfield code="c">2001, p 1976-1992</marcx:subfield></marcx:datafield><marcx:datafield tag="300" ind1="0" ind2="0"><marcx:subfield code="n">1 cd</marcx:subfield></marcx:datafield><marcx:datafield tag="440" ind1="0" ind2="0"><marcx:subfield code="0"/><marcx:subfield code="a">Encore</marcx:subfield><marcx:subfield code="ø">EMI</marcx:subfield></marcx:datafield><marcx:datafield tag="512" ind1="0" ind2="0"><marcx:subfield code="a">Indspillet i London 1976 (De fire årstider) og Tel Aviv 1982-1983</marcx:subfield></marcx:datafield><marcx:datafield tag="513" ind1="0" ind2="0"><marcx:subfield code="e">Itzhak Perlman, violin</marcx:subfield><marcx:subfield code="e">dirigent: Itzhak Perlman</marcx:subfield></marcx:datafield><marcx:datafield tag="526" ind1="0" ind2="0"><marcx:subfield code="i">De fire årstider, opus 8:1-4 : af</marcx:subfield><marcx:subfield code="t">Il ¤cimento dell'armonia e dell'invenzione, opus 8</marcx:subfield></marcx:datafield><marcx:datafield tag="531" ind1="0" ind2="0"><marcx:subfield code="a">Indeholder også:</marcx:subfield></marcx:datafield><marcx:datafield tag="538" ind1="0" ind2="0"><marcx:subfield code="f">EMI Classics</marcx:subfield><marcx:subfield code="g">5745952</marcx:subfield></marcx:datafield><marcx:datafield tag="652" ind1="0" ind2="0"><marcx:subfield code="m">78.412</marcx:subfield><marcx:subfield code="v">42</marcx:subfield></marcx:datafield><marcx:datafield tag="652" ind1="0" ind2="0"><marcx:subfield code="å">11</marcx:subfield><marcx:subfield code="i">78.412</marcx:subfield><marcx:subfield code="v">42</marcx:subfield><marcx:subfield code="i">78.412</marcx:subfield><marcx:subfield code="v">42</marcx:subfield><marcx:subfield code="i">78.412</marcx:subfield><marcx:subfield code="v">42</marcx:subfield></marcx:datafield><marcx:datafield tag="666" ind1="0" ind2="0"><marcx:subfield code="0"/><marcx:subfield code="m">barok</marcx:subfield><marcx:subfield code="m">violinkoncert</marcx:subfield><marcx:subfield code="n">instrumental</marcx:subfield><marcx:subfield code="n">violin</marcx:subfield><marcx:subfield code="n">orkester</marcx:subfield><marcx:subfield code="p">1700-1799</marcx:subfield><marcx:subfield code="l">Italien</marcx:subfield></marcx:datafield><marcx:datafield tag="666" ind1="0" ind2="0"><marcx:subfield code="å">11</marcx:subfield><marcx:subfield code="0"/><marcx:subfield code="m">barok</marcx:subfield><marcx:subfield code="m">violinkoncert</marcx:subfield><marcx:subfield code="n">instrumental</marcx:subfield><marcx:subfield code="n">violin</marcx:subfield><marcx:subfield code="n">orkester</marcx:subfield><marcx:subfield code="p">1700-1799</marcx:subfield><marcx:subfield code="l">Italien</marcx:subfield></marcx:datafield><marcx:datafield tag="700" ind1="0" ind2="0"><marcx:subfield code="a">Perlman</marcx:subfield><marcx:subfield code="h">Itzhak</marcx:subfield></marcx:datafield><marcx:datafield tag="710" ind1="0" ind2="0"><marcx:subfield code="a">Israels Filharmoniske Orkester</marcx:subfield></marcx:datafield><marcx:datafield tag="710" ind1="0" ind2="0"><marcx:subfield code="a">Londons Filharmoniske Orkester</marcx:subfield></marcx:datafield><marcx:datafield tag="745" ind1="0" ind2="0"><marcx:subfield code="a">De ¤4 årstider, opus 8:1-4</marcx:subfield></marcx:datafield><marcx:datafield tag="745" ind1="0" ind2="0"><marcx:subfield code="a">The ¤4 seasons</marcx:subfield></marcx:datafield><marcx:datafield tag="770" ind1="0" ind2="0"><marcx:subfield code="å">11</marcx:subfield><marcx:subfield code="a">Vivaldi</marcx:subfield><marcx:subfield code="h">Antonio</marcx:subfield></marcx:datafield><marcx:datafield tag="795" ind1="0" ind2="0"><marcx:subfield code="å">11</marcx:subfield><marcx:subfield code="a">Koncert for violin, strygere og continuo, c-mol, RV 199</marcx:subfield><marcx:subfield code="u">Il ¤sospetto</marcx:subfield><marcx:subfield code="e">Israel Philharmonic Orchestra</marcx:subfield><marcx:subfield code="a">Koncert for violin, strygere og continuo, A-dur, RV 347 (opus 4:5)</marcx:subfield><marcx:subfield code="c">af</marcx:subfield><marcx:subfield code="7"> </marcx:subfield><marcx:subfield code="u">La ¤stravaganza</marcx:subfield><marcx:subfield code="e">Israel Philharmonic Orchestra</marcx:subfield><marcx:subfield code="a">Koncert for violin, strygere og continuo, a-mol, RV 356 (opus 3:6)</marcx:subfield><marcx:subfield code="c">af</marcx:subfield><marcx:subfield code="7"> </marcx:subfield><marcx:subfield code="u">L'¤estro armonico</marcx:subfield><marcx:subfield code="e">Israel Philharmonic Orchestra</marcx:subfield></marcx:datafield><marcx:datafield tag="990" ind1="0" ind2="0"><marcx:subfield code="a">SFG</marcx:subfield><marcx:subfield code="o">200141</marcx:subfield><marcx:subfield code="b">k</marcx:subfield><marcx:subfield code="b">k</marcx:subfield><marcx:subfield code="c">C</marcx:subfield><marcx:subfield code="t">01</marcx:subfield><marcx:subfield code="t">02.11.20</marcx:subfield></marcx:datafield><marcx:datafield tag="996" ind1="0" ind2="0"><marcx:subfield code="a">DBC</marcx:subfield></marcx:datafield></marcx:record>