
<marcx:record format="danMARC2" type="Bibliographic" xmlns:marcx="info:lc/xmlns/marcxchange-v1"><marcx:leader>00000n    2200000   4500</marcx:leader><marcx:datafield tag="001" ind1="0" ind2="0"><marcx:subfield code="a">41977167</marcx:subfield><marcx:subfield code="b">191919</marcx:subfield><marcx:subfield code="c">20040519171405</marcx:subfield><marcx:subfield code="d">19990510</marcx:subfield><marcx:subfield code="f">a</marcx:subfield></marcx:datafield><marcx:datafield tag="002" ind1="0" ind2="0"><marcx:subfield code="b">736900</marcx:subfield><marcx:subfield code="c">90319442</marcx:subfield><marcx:subfield code="x">73690090319442</marcx:subfield></marcx:datafield><marcx:datafield tag="004" ind1="0" ind2="0"><marcx:subfield code="r">n</marcx:subfield><marcx:subfield code="a">e</marcx:subfield></marcx:datafield><marcx:datafield tag="008" ind1="0" ind2="0"><marcx:subfield code="t">s</marcx:subfield><marcx:subfield code="v">4</marcx:subfield></marcx:datafield><marcx:datafield tag="009" ind1="0" ind2="0"><marcx:subfield code="a">s</marcx:subfield><marcx:subfield code="g">xh</marcx:subfield></marcx:datafield><marcx:datafield tag="039" ind1="0" ind2="0"><marcx:subfield code="a">mub</marcx:subfield></marcx:datafield><marcx:datafield tag="245" ind1="0" ind2="0"><marcx:subfield code="a">The wheels on the bus and other travelling songs</marcx:subfield><marcx:subfield code="e">The ¤Bolam Children</marcx:subfield></marcx:datafield><marcx:datafield tag="260" ind1="0" ind2="0"><marcx:subfield code="b">Playtime</marcx:subfield></marcx:datafield><marcx:datafield tag="300" ind1="0" ind2="0"><marcx:subfield code="n">1 kassettebånd</marcx:subfield><marcx:subfield code="b">Dolby</marcx:subfield></marcx:datafield><marcx:datafield tag="531" ind1="0" ind2="0"><marcx:subfield code="a">Indhold:</marcx:subfield></marcx:datafield><marcx:datafield tag="538" ind1="0" ind2="0"><marcx:subfield code="f">Playtime</marcx:subfield><marcx:subfield code="g">PT 226</marcx:subfield></marcx:datafield><marcx:datafield tag="652" ind1="0" ind2="0"><marcx:subfield code="m">78.69</marcx:subfield></marcx:datafield><marcx:datafield tag="666" ind1="0" ind2="0"><marcx:subfield code="m">børnemusik</marcx:subfield><marcx:subfield code="m">børnesange</marcx:subfield><marcx:subfield code="n">vokal</marcx:subfield><marcx:subfield code="n">vokal</marcx:subfield><marcx:subfield code="l">England</marcx:subfield></marcx:datafield><marcx:datafield tag="710" ind1="0" ind2="0"><marcx:subfield code="a">The ¤Bolam Children</marcx:subfield></marcx:datafield><marcx:datafield tag="795" ind1="0" ind2="0"><marcx:subfield code="å">11</marcx:subfield><marcx:subfield code="a">The ¤wheels on the bus</marcx:subfield><marcx:subfield code="a">My Bonnie lies over the ocean</marcx:subfield><marcx:subfield code="a">The ¤ants go marching</marcx:subfield><marcx:subfield code="a">Car car</marcx:subfield><marcx:subfield code="a">Three little men in a flying saucer</marcx:subfield><marcx:subfield code="a">Little blue train</marcx:subfield><marcx:subfield code="a">Sleighride</marcx:subfield><marcx:subfield code="a">Riding my bike</marcx:subfield><marcx:subfield code="a">Going on a bear hunt</marcx:subfield><marcx:subfield code="a">The ¤hunting game</marcx:subfield><marcx:subfield code="a">The ¤day I went to sea</marcx:subfield><marcx:subfield code="a">Farmer Brown</marcx:subfield><marcx:subfield code="a">Grandad</marcx:subfield><marcx:subfield code="a">The ¤big ship sails</marcx:subfield><marcx:subfield code="a">Daisy Daisy</marcx:subfield><marcx:subfield code="a">Down at the bus stop</marcx:subfield><marcx:subfield code="a">As I lay sleeping</marcx:subfield><marcx:subfield code="a">If you're happy and you know it</marcx:subfield><marcx:subfield code="a">The ¤world is big</marcx:subfield><marcx:subfield code="a">The ¤wheels on the bus (reprise)</marcx:subfield></marcx:datafield><marcx:datafield tag="996" ind1="0" ind2="0"><marcx:subfield code="a">736900</marcx:subfield></marcx:datafield></marcx:record>