
<record xsi:schemaLocation="http://www.loc.gov/standards/iso25577/marcxchange-1-1.xsd" xmlns="info:lc/xmlns/marcxchange-v1" xmlns:xsi="http://www.w3.org/2001/XMLSchema-instance"><leader>00000n    2200000   4500</leader><datafield tag="001" ind1="0" ind2="0"><subfield code="a">51912233</subfield><subfield code="b">191919</subfield><subfield code="c">20151007180520</subfield><subfield code="d">20150827</subfield><subfield code="f">a</subfield></datafield><datafield tag="004" ind1="0" ind2="0"><subfield code="r">n</subfield><subfield code="a">e</subfield></datafield><datafield tag="005" ind1="0" ind2="0"><subfield code="h">e</subfield></datafield><datafield tag="008" ind1="0" ind2="0"><subfield code="t">s</subfield><subfield code="u">f</subfield><subfield code="a">2015</subfield><subfield code="b">gb</subfield><subfield code="l">ger</subfield><subfield code="v">0</subfield></datafield><datafield tag="009" ind1="0" ind2="0"><subfield code="a">s</subfield><subfield code="g">xc</subfield><subfield code="b">a</subfield><subfield code="h">xx</subfield></datafield><datafield tag="023" ind1="0" ind2="0"><subfield code="b">0034571131269</subfield></datafield><datafield tag="032" ind1="0" ind2="0"><subfield code="x">ACM201535</subfield><subfield code="x">BKM201542</subfield></datafield><datafield tag="039" ind1="0" ind2="0"><subfield code="a">vok</subfield></datafield><datafield tag="100" ind1="0" ind2="0"><subfield code="a">Brahms</subfield><subfield code="h">Johannes</subfield></datafield><datafield tag="239" ind1="0" ind2="0"><subfield code="t">Sange, opus 32</subfield><subfield code="ø">Bostridge</subfield></datafield><datafield tag="245" ind1="0" ind2="0"><subfield code="a">The ¤songs of Johannes Brahms, volume 6</subfield><subfield code="e">Ian Bostridge, tenor</subfield><subfield code="e">Graham Johnson, klaver</subfield></datafield><datafield tag="260" ind1="0" ind2="0"><subfield code="b">Hyperion Records</subfield><subfield code="c">p 2015</subfield></datafield><datafield tag="300" ind1="0" ind2="0"><subfield code="n">1 cd</subfield><subfield code="d">1 kommentarbilag</subfield></datafield><datafield tag="512" ind1="0" ind2="0"><subfield code="i">Omslagstitel</subfield><subfield code="t">The ¤songs of Brahms, 6</subfield></datafield><datafield tag="512" ind1="0" ind2="0"><subfield code="i">Rygtitel</subfield><subfield code="t">The ¤complete songs, 6</subfield></datafield><datafield tag="512" ind1="0" ind2="0"><subfield code="a">Indspillet i All Saint's Church, East Finchley, London 2013</subfield></datafield><datafield tag="531" ind1="0" ind2="0"><subfield code="a">Indhold:</subfield></datafield><datafield tag="534" ind1="0" ind2="0"><subfield code="a">Med sangtekster</subfield></datafield><datafield tag="538" ind1="0" ind2="0"><subfield code="f">Hyperion</subfield><subfield code="g">CDJ 33126</subfield></datafield><datafield tag="652" ind1="0" ind2="0"><subfield code="m">78.61</subfield><subfield code="v">3</subfield></datafield><datafield tag="652" ind1="0" ind2="0"><subfield code="å">11</subfield><subfield code="i">78.61</subfield><subfield code="v">3</subfield></datafield><datafield tag="652" ind1="0" ind2="0"><subfield code="å">12</subfield><subfield code="i">78.61</subfield><subfield code="v">3</subfield></datafield><datafield tag="652" ind1="0" ind2="0"><subfield code="å">13</subfield><subfield code="i">78.61</subfield><subfield code="v">3</subfield></datafield><datafield tag="652" ind1="0" ind2="0"><subfield code="å">14</subfield><subfield code="i">78.61</subfield><subfield code="v">3</subfield></datafield><datafield tag="652" ind1="0" ind2="0"><subfield code="å">15</subfield><subfield code="i">78.61</subfield><subfield code="v">3</subfield></datafield><datafield tag="652" ind1="0" ind2="0"><subfield code="å">16</subfield><subfield code="i">78.61</subfield><subfield code="v">3</subfield></datafield><datafield tag="652" ind1="0" ind2="0"><subfield code="å">17</subfield><subfield code="i">78.61</subfield><subfield code="v">3</subfield></datafield><datafield tag="652" ind1="0" ind2="0"><subfield code="å">18</subfield><subfield code="i">78.61</subfield><subfield code="v">3</subfield></datafield><datafield tag="652" ind1="0" ind2="0"><subfield code="å">19</subfield><subfield code="i">78.61</subfield><subfield code="v">3</subfield></datafield><datafield tag="652" ind1="0" ind2="0"><subfield code="å">20</subfield><subfield code="i">78.61</subfield><subfield code="v">3</subfield></datafield><datafield tag="666" ind1="0" ind2="0"><subfield code="0"></subfield><subfield code="m">senromantik</subfield><subfield code="m">lied</subfield><subfield code="m">sange</subfield><subfield code="n">vokal</subfield><subfield code="n">tenor</subfield><subfield code="p">1850-1859</subfield><subfield code="p">1860-1869</subfield><subfield code="p">1870-1879</subfield><subfield code="p">1880-1889</subfield><subfield code="l">Tyskland</subfield></datafield><datafield tag="700" ind1="0" ind2="0"><subfield code="a">Bostridge</subfield><subfield code="h">Ian</subfield></datafield><datafield tag="700" ind1="0" ind2="0"><subfield code="a">Johnson</subfield><subfield code="h">Graham</subfield></datafield><datafield tag="770" ind1="0" ind2="0"><subfield code="å">11</subfield><subfield code="a">Brahms</subfield><subfield code="h">Johannes</subfield></datafield><datafield tag="770" ind1="0" ind2="0"><subfield code="å">12</subfield><subfield code="a">Brahms</subfield><subfield code="h">Johannes</subfield></datafield><datafield tag="770" ind1="0" ind2="0"><subfield code="å">13</subfield><subfield code="a">Brahms</subfield><subfield code="h">Johannes</subfield></datafield><datafield tag="770" ind1="0" ind2="0"><subfield code="å">14</subfield><subfield code="a">Brahms</subfield><subfield code="h">Johannes</subfield></datafield><datafield tag="770" ind1="0" ind2="0"><subfield code="å">15</subfield><subfield code="a">Brahms</subfield><subfield code="h">Johannes</subfield></datafield><datafield tag="770" ind1="0" ind2="0"><subfield code="å">16</subfield><subfield code="a">Brahms</subfield><subfield code="h">Johannes</subfield></datafield><datafield tag="770" ind1="0" ind2="0"><subfield code="å">17</subfield><subfield code="a">Brahms</subfield><subfield code="h">Johannes</subfield></datafield><datafield tag="770" ind1="0" ind2="0"><subfield code="å">18</subfield><subfield code="a">Brahms</subfield><subfield code="h">Johannes</subfield></datafield><datafield tag="770" ind1="0" ind2="0"><subfield code="å">19</subfield><subfield code="a">Brahms</subfield><subfield code="h">Johannes</subfield></datafield><datafield tag="770" ind1="0" ind2="0"><subfield code="å">20</subfield><subfield code="a">Brahms</subfield><subfield code="h">Johannes</subfield></datafield><datafield tag="795" ind1="0" ind2="0"><subfield code="å">11</subfield><subfield code="a">Sange, opus 32</subfield><subfield code="7"> (</subfield><subfield code="a">Wie rafft' ich mich auf</subfield><subfield code="a">Nicht mehr zu dir zu gehen</subfield><subfield code="a">Ich schleich' umher</subfield><subfield code="a">Der ¤Strom, der neben mir verrauschte</subfield><subfield code="a">Wehe, so willst du mich wieder</subfield><subfield code="a">Du sprichst, dass ich mich täuschte</subfield><subfield code="a">Bitteres zu sagen</subfield><subfield code="a">So stehn wir, ich und meine Weide</subfield><subfield code="a">Wie bist du, meine Königin</subfield><subfield code="7">)</subfield></datafield><datafield tag="795" ind1="0" ind2="0"><subfield code="å">12</subfield><subfield code="a">Sange, opus 46</subfield><subfield code="7"> (</subfield><subfield code="v">Die ¤Kränze</subfield><subfield code="7">)</subfield></datafield><datafield tag="795" ind1="0" ind2="0"><subfield code="å">13</subfield><subfield code="a">Sange, opus 47</subfield><subfield code="7"> (</subfield><subfield code="v">Botschaft</subfield><subfield code="v">Liebesglut</subfield><subfield code="7">)</subfield></datafield><datafield tag="795" ind1="0" ind2="0"><subfield code="å">14</subfield><subfield code="a">Sange, opus 71 (uddrag)</subfield><subfield code="7"> (</subfield><subfield code="a">Es liebt sich so lieblich im Lenze!</subfield><subfield code="a">Geheimnis</subfield><subfield code="a">Willst du, dass ich geh'?</subfield><subfield code="a">Minnelied</subfield><subfield code="7">)</subfield></datafield><datafield tag="795" ind1="0" ind2="0"><subfield code="å">15</subfield><subfield code="a">Sange, opus 72</subfield><subfield code="7"> (</subfield><subfield code="v">Unüberwindlich</subfield><subfield code="7">)</subfield></datafield><datafield tag="795" ind1="0" ind2="0"><subfield code="å">16</subfield><subfield code="a">Sange, opus 85</subfield><subfield code="7"> (</subfield><subfield code="v">Sommerabend</subfield><subfield code="v">Mondenschein</subfield><subfield code="7">)</subfield></datafield><datafield tag="795" ind1="0" ind2="0"><subfield code="å">17</subfield><subfield code="a">Sange, opus 96</subfield><subfield code="7"> (</subfield><subfield code="a">Der ¤Tod, das ist die kühle Nacht</subfield><subfield code="a">Wir wandelten</subfield><subfield code="a">Es schauen die Blumen</subfield><subfield code="a">Meerfahrt</subfield><subfield code="7">)</subfield></datafield><datafield tag="795" ind1="0" ind2="0"><subfield code="å">18</subfield><subfield code="a">Sange, opus 105</subfield><subfield code="7"> (</subfield><subfield code="v">Auf dem Kirchhofe</subfield><subfield code="7">)</subfield></datafield><datafield tag="795" ind1="0" ind2="0"><subfield code="å">19</subfield><subfield code="a">Sange, opus 106</subfield><subfield code="7"> (</subfield><subfield code="v">Ständchen</subfield><subfield code="v">Meine Lieder</subfield><subfield code="7">)</subfield></datafield><datafield tag="795" ind1="0" ind2="0"><subfield code="å">20</subfield><subfield code="a">Sange, opus 107</subfield><subfield code="7"> (</subfield><subfield code="v">An die Stolze</subfield><subfield code="v">Salamander</subfield><subfield code="7">)</subfield></datafield><datafield tag="990" ind1="0" ind2="0"><subfield code="o">201542</subfield><subfield code="b">v</subfield><subfield code="u">nt</subfield></datafield><datafield tag="996" ind1="0" ind2="0"><subfield code="a">DBC</subfield></datafield></record>