
<marcx:record format="danMARC2" type="Bibliographic" xmlns:marcx="info:lc/xmlns/marcxchange-v1"><marcx:leader>00000n    2200000   4500</marcx:leader><marcx:datafield tag="001" ind1="0" ind2="0"><marcx:subfield code="a">22371126</marcx:subfield><marcx:subfield code="b">191919</marcx:subfield><marcx:subfield code="c">19990224135711</marcx:subfield><marcx:subfield code="d">19990215</marcx:subfield><marcx:subfield code="f">a</marcx:subfield></marcx:datafield><marcx:datafield tag="004" ind1="0" ind2="0"><marcx:subfield code="r">n</marcx:subfield><marcx:subfield code="a">e</marcx:subfield></marcx:datafield><marcx:datafield tag="008" ind1="0" ind2="0"><marcx:subfield code="t">m</marcx:subfield><marcx:subfield code="u">f</marcx:subfield><marcx:subfield code="a">1997</marcx:subfield><marcx:subfield code="b">dk</marcx:subfield><marcx:subfield code="d">å</marcx:subfield><marcx:subfield code="g">1</marcx:subfield><marcx:subfield code="l">dan</marcx:subfield><marcx:subfield code="v">0</marcx:subfield></marcx:datafield><marcx:datafield tag="009" ind1="0" ind2="0"><marcx:subfield code="a">a</marcx:subfield><marcx:subfield code="g">xx</marcx:subfield></marcx:datafield><marcx:datafield tag="021" ind1="0" ind2="0"><marcx:subfield code="c">Hf.</marcx:subfield><marcx:subfield code="d">pris og eksp. ikke oplyst</marcx:subfield></marcx:datafield><marcx:datafield tag="032" ind1="0" ind2="0"><marcx:subfield code="a">DBF199910</marcx:subfield></marcx:datafield><marcx:datafield tag="245" ind1="0" ind2="0"><marcx:subfield code="a">A. Vejlø's Bogtrykkeri ApS 1922-1997</marcx:subfield><marcx:subfield code="e">af Volmer Vejlø og Palle Bruun Olsen</marcx:subfield><marcx:subfield code="f">fotos: alle farveoptagelser er laver af Jens Nielsen</marcx:subfield><marcx:subfield code="f">redaktion ...: Palle Bruun Olsen</marcx:subfield></marcx:datafield><marcx:datafield tag="260" ind1="0" ind2="0"><marcx:subfield code="a">Kalundborg</marcx:subfield><marcx:subfield code="b">[A. Vejlø's Bogtrykkeri]</marcx:subfield><marcx:subfield code="c">1997</marcx:subfield><marcx:subfield code="k">eget, REX</marcx:subfield></marcx:datafield><marcx:datafield tag="300" ind1="0" ind2="0"><marcx:subfield code="a">44 sider</marcx:subfield><marcx:subfield code="b">ill. (nogle i farver)</marcx:subfield></marcx:datafield><marcx:datafield tag="512" ind1="0" ind2="0"><marcx:subfield code="a">På omslaget: 75 års jubilæum - 26. oktober 1997</marcx:subfield></marcx:datafield><marcx:datafield tag="652" ind1="0" ind2="0"><marcx:subfield code="m">00.109</marcx:subfield></marcx:datafield><marcx:datafield tag="700" ind1="0" ind2="0"><marcx:subfield code="0"/><marcx:subfield code="a">Vejlø</marcx:subfield><marcx:subfield code="h">Volmer</marcx:subfield></marcx:datafield><marcx:datafield tag="700" ind1="0" ind2="0"><marcx:subfield code="0"/><marcx:subfield code="å">1</marcx:subfield><marcx:subfield code="a">Bruun Olsen</marcx:subfield><marcx:subfield code="h">Palle</marcx:subfield></marcx:datafield><marcx:datafield tag="710" ind1="0" ind2="0"><marcx:subfield code="a">Vejlø's Bogtrykkeri</marcx:subfield></marcx:datafield><marcx:datafield tag="900" ind1="0" ind2="0"><marcx:subfield code="0"/><marcx:subfield code="a">Olsen</marcx:subfield><marcx:subfield code="h">Palle Bruun</marcx:subfield><marcx:subfield code="z">700/1</marcx:subfield></marcx:datafield><marcx:datafield tag="996" ind1="0" ind2="0"><marcx:subfield code="a">DBC</marcx:subfield></marcx:datafield></marcx:record>