
<marcx:record format="danMARC2" type="Bibliographic" xmlns:marcx="info:lc/xmlns/marcxchange-v1"><marcx:leader>00000n    2200000   4500</marcx:leader><marcx:datafield tag="001" ind1="0" ind2="0"><marcx:subfield code="a">41977248</marcx:subfield><marcx:subfield code="b">191919</marcx:subfield><marcx:subfield code="c">19990921085629</marcx:subfield><marcx:subfield code="d">19990510</marcx:subfield><marcx:subfield code="f">a</marcx:subfield></marcx:datafield><marcx:datafield tag="002" ind1="0" ind2="0"><marcx:subfield code="b">736900</marcx:subfield><marcx:subfield code="c">90320033</marcx:subfield><marcx:subfield code="x">73690090320033</marcx:subfield></marcx:datafield><marcx:datafield tag="004" ind1="0" ind2="0"><marcx:subfield code="r">n</marcx:subfield><marcx:subfield code="a">e</marcx:subfield></marcx:datafield><marcx:datafield tag="008" ind1="0" ind2="0"><marcx:subfield code="t">m</marcx:subfield><marcx:subfield code="u">f</marcx:subfield><marcx:subfield code="a">1981</marcx:subfield><marcx:subfield code="b">us</marcx:subfield><marcx:subfield code="l">eng</marcx:subfield><marcx:subfield code="v">4</marcx:subfield></marcx:datafield><marcx:datafield tag="009" ind1="0" ind2="0"><marcx:subfield code="a">a</marcx:subfield><marcx:subfield code="g">xx</marcx:subfield></marcx:datafield><marcx:datafield tag="100" ind1="0" ind2="0"><marcx:subfield code="a">Fielding</marcx:subfield><marcx:subfield code="h">Joy</marcx:subfield></marcx:datafield><marcx:datafield tag="245" ind1="0" ind2="0"><marcx:subfield code="a">Kiss mommy goodbye</marcx:subfield><marcx:subfield code="c">a novel</marcx:subfield><marcx:subfield code="e">Joy Fielding</marcx:subfield></marcx:datafield><marcx:datafield tag="260" ind1="0" ind2="0"><marcx:subfield code="a">New York</marcx:subfield><marcx:subfield code="b">Doubleday &amp; Company</marcx:subfield><marcx:subfield code="c">1981</marcx:subfield></marcx:datafield><marcx:datafield tag="300" ind1="0" ind2="0"><marcx:subfield code="a">250 sider</marcx:subfield></marcx:datafield><marcx:datafield tag="504" ind1="0" ind2="0"><marcx:subfield code="a">Skildring af, hvordan to mennesker, der har elsket hinanden, kan blive bitre fjender i kampen om børnene</marcx:subfield></marcx:datafield><marcx:datafield tag="652" ind1="0" ind2="0"><marcx:subfield code="m">83.8</marcx:subfield></marcx:datafield><marcx:datafield tag="668" ind1="0" ind2="0"><marcx:subfield code="a">Ægteskab og skilsmisse</marcx:subfield></marcx:datafield><marcx:datafield tag="996" ind1="0" ind2="0"><marcx:subfield code="a">736900</marcx:subfield></marcx:datafield></marcx:record>