
<marcx:record format="danMARC2" type="Bibliographic" xmlns:marcx="info:lc/xmlns/marcxchange-v1"><marcx:leader>00000n    2200000   4500</marcx:leader><marcx:datafield tag="001" ind1="0" ind2="0"><marcx:subfield code="a">41978163</marcx:subfield><marcx:subfield code="b">191919</marcx:subfield><marcx:subfield code="c">19990510205802</marcx:subfield><marcx:subfield code="d">19990510</marcx:subfield><marcx:subfield code="f">a</marcx:subfield></marcx:datafield><marcx:datafield tag="002" ind1="0" ind2="0"><marcx:subfield code="b">718100</marcx:subfield><marcx:subfield code="c">90123815</marcx:subfield><marcx:subfield code="x">71810090123815</marcx:subfield></marcx:datafield><marcx:datafield tag="004" ind1="0" ind2="0"><marcx:subfield code="r">n</marcx:subfield><marcx:subfield code="a">e</marcx:subfield></marcx:datafield><marcx:datafield tag="008" ind1="0" ind2="0"><marcx:subfield code="t">s</marcx:subfield><marcx:subfield code="v">0</marcx:subfield></marcx:datafield><marcx:datafield tag="009" ind1="0" ind2="0"><marcx:subfield code="a">s</marcx:subfield><marcx:subfield code="g">xc</marcx:subfield></marcx:datafield><marcx:datafield tag="039" ind1="0" ind2="0"><marcx:subfield code="a">und</marcx:subfield></marcx:datafield><marcx:datafield tag="100" ind1="0" ind2="0"><marcx:subfield code="a">Abdel Al</marcx:subfield><marcx:subfield code="h">Aboud</marcx:subfield></marcx:datafield><marcx:datafield tag="245" ind1="0" ind2="0"><marcx:subfield code="a">Best of modern belly dance from Arabia</marcx:subfield></marcx:datafield><marcx:datafield tag="260" ind1="0" ind2="0"><marcx:subfield code="b">Arc Music</marcx:subfield></marcx:datafield><marcx:datafield tag="512" ind1="0" ind2="0"><marcx:subfield code="a">Indspilninger publiceret 1995</marcx:subfield></marcx:datafield><marcx:datafield tag="531" ind1="0" ind2="0"><marcx:subfield code="a">Indhold:</marcx:subfield></marcx:datafield><marcx:datafield tag="538" ind1="0" ind2="0"><marcx:subfield code="f">Arc Music</marcx:subfield><marcx:subfield code="g">EUCD 1244</marcx:subfield></marcx:datafield><marcx:datafield tag="652" ind1="0" ind2="0"><marcx:subfield code="m">78.797</marcx:subfield><marcx:subfield code="v">8216</marcx:subfield></marcx:datafield><marcx:datafield tag="666" ind1="0" ind2="0"><marcx:subfield code="m">mavedansemusik</marcx:subfield><marcx:subfield code="m">violin</marcx:subfield><marcx:subfield code="n">instrumental</marcx:subfield><marcx:subfield code="p">1990-1999</marcx:subfield><marcx:subfield code="l">Arabien</marcx:subfield></marcx:datafield><marcx:datafield tag="795" ind1="0" ind2="0"><marcx:subfield code="å">11</marcx:subfield><marcx:subfield code="a">Sahira</marcx:subfield><marcx:subfield code="a">Raksel hawanem</marcx:subfield><marcx:subfield code="p">Ladies dance</marcx:subfield><marcx:subfield code="a">Aliek asaal</marcx:subfield><marcx:subfield code="p">Asking for you</marcx:subfield><marcx:subfield code="a">Ameint bellah</marcx:subfield><marcx:subfield code="p">I believe in God</marcx:subfield><marcx:subfield code="a">Rajeeh yataamar</marcx:subfield><marcx:subfield code="p">Built again</marcx:subfield><marcx:subfield code="a">Zafatel arouss</marcx:subfield><marcx:subfield code="p">Brides wedding</marcx:subfield><marcx:subfield code="a">Abarret elshatt</marcx:subfield><marcx:subfield code="p">I crossed the sea</marcx:subfield><marcx:subfield code="a">Kouly Sangham</marcx:subfield><marcx:subfield code="a">Al aien</marcx:subfield><marcx:subfield code="p">On my eyes</marcx:subfield><marcx:subfield code="a">Saiedeh</marcx:subfield><marcx:subfield code="p">Happiest</marcx:subfield></marcx:datafield><marcx:datafield tag="795" ind1="0" ind2="0"><marcx:subfield code="å">40</marcx:subfield><marcx:subfield code="y">0</marcx:subfield><marcx:subfield code="a">Ladies dance</marcx:subfield><marcx:subfield code="a">Asking for you</marcx:subfield><marcx:subfield code="a">I believe in God</marcx:subfield><marcx:subfield code="a">Built again</marcx:subfield><marcx:subfield code="a">Brides wedding</marcx:subfield><marcx:subfield code="a">Icrossed the sea</marcx:subfield><marcx:subfield code="a">On my eyes</marcx:subfield><marcx:subfield code="a">Happiest</marcx:subfield></marcx:datafield><marcx:datafield tag="996" ind1="0" ind2="0"><marcx:subfield code="a">718100</marcx:subfield></marcx:datafield></marcx:record>