
<marcx:record format="danMARC2" type="Bibliographic" xmlns:marcx="info:lc/xmlns/marcxchange-v1"><marcx:leader>00000n    2200000   4500</marcx:leader><marcx:datafield tag="001" ind1="0" ind2="0"><marcx:subfield code="a">22888315</marcx:subfield><marcx:subfield code="b">191919</marcx:subfield><marcx:subfield code="c">20000601012226</marcx:subfield><marcx:subfield code="d">20000417</marcx:subfield><marcx:subfield code="f">a</marcx:subfield></marcx:datafield><marcx:datafield tag="004" ind1="0" ind2="0"><marcx:subfield code="r">n</marcx:subfield><marcx:subfield code="a">e</marcx:subfield></marcx:datafield><marcx:datafield tag="005" ind1="0" ind2="0"><marcx:subfield code="h">e</marcx:subfield></marcx:datafield><marcx:datafield tag="008" ind1="0" ind2="0"><marcx:subfield code="t">s</marcx:subfield><marcx:subfield code="u">f</marcx:subfield><marcx:subfield code="a">2000</marcx:subfield><marcx:subfield code="b">de</marcx:subfield><marcx:subfield code="l">ger</marcx:subfield><marcx:subfield code="v">0</marcx:subfield></marcx:datafield><marcx:datafield tag="009" ind1="0" ind2="0"><marcx:subfield code="a">s</marcx:subfield><marcx:subfield code="g">xc</marcx:subfield></marcx:datafield><marcx:datafield tag="021" ind1="0" ind2="0"><marcx:subfield code="d">kr. 99,00</marcx:subfield></marcx:datafield><marcx:datafield tag="023" ind1="0" ind2="0"><marcx:subfield code="a">0028946351024</marcx:subfield></marcx:datafield><marcx:datafield tag="032" ind1="0" ind2="0"><marcx:subfield code="x">SFG200022</marcx:subfield><marcx:subfield code="x">DAT200023</marcx:subfield></marcx:datafield><marcx:datafield tag="039" ind1="0" ind2="0"><marcx:subfield code="a">vok</marcx:subfield></marcx:datafield><marcx:datafield tag="100" ind1="0" ind2="0"><marcx:subfield code="a">Wolf</marcx:subfield><marcx:subfield code="h">Hugo</marcx:subfield></marcx:datafield><marcx:datafield tag="239" ind1="0" ind2="0"><marcx:subfield code="t">Sange til digte af Eduard Mörike (uddrag)</marcx:subfield><marcx:subfield code="ø">Fischer-Dieskau</marcx:subfield></marcx:datafield><marcx:datafield tag="245" ind1="0" ind2="0"><marcx:subfield code="a">Mörike-Lieder</marcx:subfield><marcx:subfield code="e">Wolf</marcx:subfield><marcx:subfield code="e">Dietrich Fischer-Dieskau, baryton</marcx:subfield><marcx:subfield code="e">Sviatoslav Richter, klaver</marcx:subfield></marcx:datafield><marcx:datafield tag="260" ind1="0" ind2="0"><marcx:subfield code="a">Hamburg</marcx:subfield><marcx:subfield code="b">DGG</marcx:subfield><marcx:subfield code="c">cop. 2000, p 1975</marcx:subfield></marcx:datafield><marcx:datafield tag="300" ind1="0" ind2="0"><marcx:subfield code="n">1 cd</marcx:subfield></marcx:datafield><marcx:datafield tag="440" ind1="0" ind2="0"><marcx:subfield code="0"/><marcx:subfield code="a">Fischer-Dieskau Edition 75</marcx:subfield></marcx:datafield><marcx:datafield tag="512" ind1="0" ind2="0"><marcx:subfield code="a">Live-optagelse, Stadthaus, Innsbruck oktober 1973</marcx:subfield></marcx:datafield><marcx:datafield tag="512" ind1="0" ind2="0"><marcx:subfield code="a">Tekster på omslag</marcx:subfield></marcx:datafield><marcx:datafield tag="531" ind1="0" ind2="0"><marcx:subfield code="a">Indhold:</marcx:subfield></marcx:datafield><marcx:datafield tag="538" ind1="0" ind2="0"><marcx:subfield code="f">DGG</marcx:subfield><marcx:subfield code="g">463510-2</marcx:subfield></marcx:datafield><marcx:datafield tag="652" ind1="0" ind2="0"><marcx:subfield code="m">78.61</marcx:subfield><marcx:subfield code="v">3</marcx:subfield></marcx:datafield><marcx:datafield tag="666" ind1="0" ind2="0"><marcx:subfield code="0"/><marcx:subfield code="m">senromantik</marcx:subfield><marcx:subfield code="m">sange</marcx:subfield><marcx:subfield code="m">lied</marcx:subfield><marcx:subfield code="n">vokal</marcx:subfield><marcx:subfield code="n">baryton</marcx:subfield><marcx:subfield code="p">1880-1889</marcx:subfield><marcx:subfield code="l">Østrig</marcx:subfield></marcx:datafield><marcx:datafield tag="700" ind1="0" ind2="0"><marcx:subfield code="å">1</marcx:subfield><marcx:subfield code="a">Fischer-Dieskau</marcx:subfield><marcx:subfield code="h">Dietrich</marcx:subfield></marcx:datafield><marcx:datafield tag="700" ind1="0" ind2="0"><marcx:subfield code="a">Richter</marcx:subfield><marcx:subfield code="h">Svjatoslav</marcx:subfield></marcx:datafield><marcx:datafield tag="770" ind1="0" ind2="0"><marcx:subfield code="å">11</marcx:subfield><marcx:subfield code="a">Wolf</marcx:subfield><marcx:subfield code="h">Hugo</marcx:subfield></marcx:datafield><marcx:datafield tag="795" ind1="0" ind2="0"><marcx:subfield code="å">11</marcx:subfield><marcx:subfield code="a">Sange til digte af Eduard Mörike (uddrag)</marcx:subfield><marcx:subfield code="7"> (</marcx:subfield><marcx:subfield code="a">Der ¤Genesene an die Hoffnung</marcx:subfield><marcx:subfield code="a">In der Frühe</marcx:subfield><marcx:subfield code="a">Fussreise</marcx:subfield><marcx:subfield code="a">Neue Liebe</marcx:subfield><marcx:subfield code="a">Der ¤Feuerreiter</marcx:subfield><marcx:subfield code="a">Jägerlied</marcx:subfield><marcx:subfield code="a">Storchenbotschaft</marcx:subfield><marcx:subfield code="a">Verborgenheit</marcx:subfield><marcx:subfield code="a">Im Frühling</marcx:subfield><marcx:subfield code="a">Auf einer Wanderung</marcx:subfield><marcx:subfield code="a">An die Geliebte</marcx:subfield><marcx:subfield code="a">Peregrina I-II</marcx:subfield><marcx:subfield code="a">Lebewohl</marcx:subfield><marcx:subfield code="a">Begegnung</marcx:subfield><marcx:subfield code="a">Der ¤Jäger</marcx:subfield><marcx:subfield code="a">Bei einer Trauung</marcx:subfield><marcx:subfield code="a">Abschied</marcx:subfield><marcx:subfield code="7">)</marcx:subfield></marcx:datafield><marcx:datafield tag="900" ind1="0" ind2="0"><marcx:subfield code="a">Dieskau</marcx:subfield><marcx:subfield code="h">Dietrich Fischer-</marcx:subfield><marcx:subfield code="z">700/1</marcx:subfield></marcx:datafield><marcx:datafield tag="990" ind1="0" ind2="0"><marcx:subfield code="a">SFG</marcx:subfield><marcx:subfield code="c">C</marcx:subfield><marcx:subfield code="o">200022</marcx:subfield><marcx:subfield code="t">16.06.00</marcx:subfield></marcx:datafield><marcx:datafield tag="991" ind1="0" ind2="0"><marcx:subfield code="o">\(Klassiske noter 200022)\</marcx:subfield></marcx:datafield><marcx:datafield tag="996" ind1="0" ind2="0"><marcx:subfield code="a">DBC</marcx:subfield></marcx:datafield></marcx:record>