
<marcx:record format="danMARC2" type="Bibliographic" xmlns:marcx="info:lc/xmlns/marcxchange-v1"><marcx:leader>00000n    2200000   4500</marcx:leader><marcx:datafield tag="001" ind1="0" ind2="0"><marcx:subfield code="a">22371509</marcx:subfield><marcx:subfield code="b">191919</marcx:subfield><marcx:subfield code="c">19990527104800</marcx:subfield><marcx:subfield code="d">19990216</marcx:subfield><marcx:subfield code="f">a</marcx:subfield></marcx:datafield><marcx:datafield tag="004" ind1="0" ind2="0"><marcx:subfield code="r">n</marcx:subfield><marcx:subfield code="a">e</marcx:subfield></marcx:datafield><marcx:datafield tag="005" ind1="0" ind2="0"><marcx:subfield code="z">p</marcx:subfield></marcx:datafield><marcx:datafield tag="008" ind1="0" ind2="0"><marcx:subfield code="t">m</marcx:subfield><marcx:subfield code="u">f</marcx:subfield><marcx:subfield code="a">1999</marcx:subfield><marcx:subfield code="b">dk</marcx:subfield><marcx:subfield code="k">a</marcx:subfield><marcx:subfield code="l">dan</marcx:subfield><marcx:subfield code="v">0</marcx:subfield></marcx:datafield><marcx:datafield tag="009" ind1="0" ind2="0"><marcx:subfield code="a">r</marcx:subfield><marcx:subfield code="g">xh</marcx:subfield></marcx:datafield><marcx:datafield tag="021" ind1="0" ind2="0"><marcx:subfield code="n">9123175</marcx:subfield><marcx:subfield code="d">kr. 773,00</marcx:subfield></marcx:datafield><marcx:datafield tag="032" ind1="0" ind2="0"><marcx:subfield code="x">SFA199910</marcx:subfield><marcx:subfield code="a">DLF199922</marcx:subfield></marcx:datafield><marcx:datafield tag="100" ind1="0" ind2="0"><marcx:subfield code="0"/><marcx:subfield code="a">Jensen</marcx:subfield><marcx:subfield code="h">Jesper</marcx:subfield><marcx:subfield code="c">f. 1931</marcx:subfield></marcx:datafield><marcx:datafield tag="245" ind1="0" ind2="0"><marcx:subfield code="a">Muntre minder</marcx:subfield><marcx:subfield code="c">nye tilbageklip</marcx:subfield><marcx:subfield code="e">Jesper Jensen</marcx:subfield><marcx:subfield code="e">indlæser: Ole Ilum Hansen</marcx:subfield></marcx:datafield><marcx:datafield tag="260" ind1="0" ind2="0"><marcx:subfield code="a">Ballerup</marcx:subfield><marcx:subfield code="b">DBC medier</marcx:subfield><marcx:subfield code="c">1999</marcx:subfield></marcx:datafield><marcx:datafield tag="300" ind1="0" ind2="0"><marcx:subfield code="n">4 kassettebånd i 1 mappe</marcx:subfield><marcx:subfield code="l">5t., 23 min.</marcx:subfield></marcx:datafield><marcx:datafield tag="504" ind1="0" ind2="0"><marcx:subfield code="&amp;">1</marcx:subfield><marcx:subfield code="a">Erindringsglimt fra forfatterens (f. 1931) barndom og opvækst med forbindelse til hans senere virksomhed som dramatiker, sangskriver, forsker og politisk skribent</marcx:subfield></marcx:datafield><marcx:datafield tag="520" ind1="0" ind2="0"><marcx:subfield code="a">Gengivelse af bogen</marcx:subfield></marcx:datafield><marcx:datafield tag="520" ind1="0" ind2="0"><marcx:subfield code="a">Indlæst efter udgaven: Kbh. : Tiderne Skifter, 1998</marcx:subfield></marcx:datafield><marcx:datafield tag="600" ind1="0" ind2="0"><marcx:subfield code="a">Jensen</marcx:subfield><marcx:subfield code="h">Jesper</marcx:subfield><marcx:subfield code="c">f. 1931</marcx:subfield></marcx:datafield><marcx:datafield tag="652" ind1="0" ind2="0"><marcx:subfield code="m">99.4</marcx:subfield><marcx:subfield code="a">Jensen</marcx:subfield><marcx:subfield code="h">Jesper</marcx:subfield><marcx:subfield code="c">f. 1931</marcx:subfield></marcx:datafield><marcx:datafield tag="666" ind1="0" ind2="0"><marcx:subfield code="0"/><marcx:subfield code="i">1900-1999</marcx:subfield></marcx:datafield><marcx:datafield tag="666" ind1="0" ind2="0"><marcx:subfield code="0"/><marcx:subfield code="o">erindringer</marcx:subfield></marcx:datafield><marcx:datafield tag="700" ind1="0" ind2="0"><marcx:subfield code="0"/><marcx:subfield code="a">Ilum Hansen</marcx:subfield><marcx:subfield code="h">Ole</marcx:subfield></marcx:datafield><marcx:datafield tag="900" ind1="0" ind2="0"><marcx:subfield code="0"/><marcx:subfield code="a">Hansen</marcx:subfield><marcx:subfield code="h">Ole Ilum</marcx:subfield><marcx:subfield code="z">700</marcx:subfield></marcx:datafield><marcx:datafield tag="990" ind1="0" ind2="0"><marcx:subfield code="a">SFA</marcx:subfield><marcx:subfield code="b">F</marcx:subfield><marcx:subfield code="o">199910</marcx:subfield><marcx:subfield code="t">16.04.99</marcx:subfield></marcx:datafield><marcx:datafield tag="991" ind1="0" ind2="0"><marcx:subfield code="o">Bogen optaget i A-fortegnelse 199820 (2 207 080 0)</marcx:subfield></marcx:datafield><marcx:datafield tag="996" ind1="0" ind2="0"><marcx:subfield code="a">DBC</marcx:subfield></marcx:datafield></marcx:record>