
<marcx:record format="danMARC2" type="Bibliographic" xmlns:marcx="info:lc/xmlns/marcxchange-v1"><marcx:leader>00000n    2200000   4500</marcx:leader><marcx:datafield tag="001" ind1="0" ind2="0"><marcx:subfield code="a">22370634</marcx:subfield><marcx:subfield code="b">191919</marcx:subfield><marcx:subfield code="c">20050407233712</marcx:subfield><marcx:subfield code="d">19990212</marcx:subfield><marcx:subfield code="f">a</marcx:subfield></marcx:datafield><marcx:datafield tag="004" ind1="0" ind2="0"><marcx:subfield code="r">n</marcx:subfield><marcx:subfield code="a">e</marcx:subfield></marcx:datafield><marcx:datafield tag="008" ind1="0" ind2="0"><marcx:subfield code="t">s</marcx:subfield><marcx:subfield code="u">r</marcx:subfield><marcx:subfield code="a">199?</marcx:subfield><marcx:subfield code="b">gb</marcx:subfield><marcx:subfield code="l">eng</marcx:subfield><marcx:subfield code="v">0</marcx:subfield></marcx:datafield><marcx:datafield tag="009" ind1="0" ind2="0"><marcx:subfield code="a">s</marcx:subfield><marcx:subfield code="g">xc</marcx:subfield></marcx:datafield><marcx:datafield tag="021" ind1="0" ind2="0"><marcx:subfield code="d">kr. 99,00</marcx:subfield></marcx:datafield><marcx:datafield tag="032" ind1="0" ind2="0"><marcx:subfield code="x">SFG199908</marcx:subfield><marcx:subfield code="x">DAT200514</marcx:subfield></marcx:datafield><marcx:datafield tag="039" ind1="0" ind2="0"><marcx:subfield code="a">bef</marcx:subfield></marcx:datafield><marcx:datafield tag="110" ind1="0" ind2="0"><marcx:subfield code="a">Gong</marcx:subfield></marcx:datafield><marcx:datafield tag="245" ind1="0" ind2="0"><marcx:subfield code="a">You</marcx:subfield><marcx:subfield code="e">Gong (Mike Howlett, Pierre Moerlen, Steve Hillage, Bloomdido Glad de Brass, Hi T Moonweed, Dingo Virgin, Shakti Yoni ... [et al.])</marcx:subfield></marcx:datafield><marcx:datafield tag="260" ind1="0" ind2="0"><marcx:subfield code="a">[S.l.]</marcx:subfield><marcx:subfield code="b">Virgin</marcx:subfield><marcx:subfield code="c">[199?], p 1974</marcx:subfield></marcx:datafield><marcx:datafield tag="300" ind1="0" ind2="0"><marcx:subfield code="n">1 cd</marcx:subfield></marcx:datafield><marcx:datafield tag="512" ind1="0" ind2="0"><marcx:subfield code="a">Indspilninger oprindelig publiceret 1974</marcx:subfield></marcx:datafield><marcx:datafield tag="531" ind1="0" ind2="0"><marcx:subfield code="a">Indhold:</marcx:subfield></marcx:datafield><marcx:datafield tag="538" ind1="0" ind2="0"><marcx:subfield code="f">Virgin</marcx:subfield><marcx:subfield code="g">V 2019</marcx:subfield><marcx:subfield code="g">7867432</marcx:subfield></marcx:datafield><marcx:datafield tag="652" ind1="0" ind2="0"><marcx:subfield code="m">78.794</marcx:subfield><marcx:subfield code="v">5</marcx:subfield></marcx:datafield><marcx:datafield tag="666" ind1="0" ind2="0"><marcx:subfield code="0"/><marcx:subfield code="m">rock</marcx:subfield><marcx:subfield code="m">progressiv rock</marcx:subfield><marcx:subfield code="n">vokal</marcx:subfield><marcx:subfield code="p">1970-1979</marcx:subfield><marcx:subfield code="l">Frankrig</marcx:subfield><marcx:subfield code="l">England</marcx:subfield></marcx:datafield><marcx:datafield tag="700" ind1="0" ind2="0"><marcx:subfield code="a">Howlett</marcx:subfield><marcx:subfield code="h">Mike</marcx:subfield></marcx:datafield><marcx:datafield tag="700" ind1="0" ind2="0"><marcx:subfield code="a">Moerlen</marcx:subfield><marcx:subfield code="h">Pierre</marcx:subfield></marcx:datafield><marcx:datafield tag="700" ind1="0" ind2="0"><marcx:subfield code="a">Hillage</marcx:subfield><marcx:subfield code="h">Steve</marcx:subfield></marcx:datafield><marcx:datafield tag="700" ind1="0" ind2="0"><marcx:subfield code="å">2</marcx:subfield><marcx:subfield code="a">Malherbe</marcx:subfield><marcx:subfield code="h">Didier</marcx:subfield></marcx:datafield><marcx:datafield tag="700" ind1="0" ind2="0"><marcx:subfield code="å">1</marcx:subfield><marcx:subfield code="a">Smyth</marcx:subfield><marcx:subfield code="h">Gilli</marcx:subfield></marcx:datafield><marcx:datafield tag="700" ind1="0" ind2="0"><marcx:subfield code="å">3</marcx:subfield><marcx:subfield code="a">Allen</marcx:subfield><marcx:subfield code="h">Daevid</marcx:subfield></marcx:datafield><marcx:datafield tag="700" ind1="0" ind2="0"><marcx:subfield code="a">Moonweed</marcx:subfield><marcx:subfield code="h">Hi T</marcx:subfield></marcx:datafield><marcx:datafield tag="795" ind1="0" ind2="0"><marcx:subfield code="å">11</marcx:subfield><marcx:subfield code="a">Thought for naught</marcx:subfield><marcx:subfield code="a">A.P.H.P.'s advice</marcx:subfield><marcx:subfield code="a">Magick mother invocation</marcx:subfield><marcx:subfield code="a">Master builder</marcx:subfield><marcx:subfield code="a">A ¤sprinkling of clouds</marcx:subfield><marcx:subfield code="a">Perfect mystery</marcx:subfield><marcx:subfield code="a">The ¤isle of everywhere</marcx:subfield><marcx:subfield code="a">You never blow yr trip forever</marcx:subfield></marcx:datafield><marcx:datafield tag="900" ind1="0" ind2="0"><marcx:subfield code="a">Yoni</marcx:subfield><marcx:subfield code="h">Shakti</marcx:subfield><marcx:subfield code="z">700/1</marcx:subfield></marcx:datafield><marcx:datafield tag="900" ind1="0" ind2="0"><marcx:subfield code="a">Shakti Yoni</marcx:subfield><marcx:subfield code="z">700/1</marcx:subfield></marcx:datafield><marcx:datafield tag="900" ind1="0" ind2="0"><marcx:subfield code="a">Bloomdido Glad de Brass</marcx:subfield><marcx:subfield code="z">700/2</marcx:subfield></marcx:datafield><marcx:datafield tag="900" ind1="0" ind2="0"><marcx:subfield code="a">Dingo Virgin</marcx:subfield><marcx:subfield code="z">700/3</marcx:subfield></marcx:datafield><marcx:datafield tag="900" ind1="0" ind2="0"><marcx:subfield code="a">Virgin</marcx:subfield><marcx:subfield code="h">Dingo</marcx:subfield><marcx:subfield code="z">700/3</marcx:subfield></marcx:datafield><marcx:datafield tag="990" ind1="0" ind2="0"><marcx:subfield code="a">SFG</marcx:subfield><marcx:subfield code="o">199908</marcx:subfield><marcx:subfield code="c">C</marcx:subfield><marcx:subfield code="t">12.03.99</marcx:subfield></marcx:datafield><marcx:datafield tag="996" ind1="0" ind2="0"><marcx:subfield code="a">DBC</marcx:subfield></marcx:datafield></marcx:record>