
<marcx:record format="danMARC2" type="Bibliographic" xmlns:marcx="info:lc/xmlns/marcxchange-v1"><marcx:leader>00000n    2200000   4500</marcx:leader><marcx:datafield tag="001" ind1="0" ind2="0"><marcx:subfield code="a">22367307</marcx:subfield><marcx:subfield code="b">191919</marcx:subfield><marcx:subfield code="c">19990825094812</marcx:subfield><marcx:subfield code="d">19990209</marcx:subfield><marcx:subfield code="f">a</marcx:subfield></marcx:datafield><marcx:datafield tag="004" ind1="0" ind2="0"><marcx:subfield code="r">n</marcx:subfield><marcx:subfield code="a">e</marcx:subfield></marcx:datafield><marcx:datafield tag="005" ind1="0" ind2="0"><marcx:subfield code="h">e</marcx:subfield></marcx:datafield><marcx:datafield tag="008" ind1="0" ind2="0"><marcx:subfield code="t">m</marcx:subfield><marcx:subfield code="u">f</marcx:subfield><marcx:subfield code="a">1998</marcx:subfield><marcx:subfield code="b">de</marcx:subfield><marcx:subfield code="l">eng</marcx:subfield><marcx:subfield code="v">0</marcx:subfield></marcx:datafield><marcx:datafield tag="009" ind1="0" ind2="0"><marcx:subfield code="a">s</marcx:subfield><marcx:subfield code="g">xc</marcx:subfield><marcx:subfield code="b">a</marcx:subfield><marcx:subfield code="h">xx</marcx:subfield></marcx:datafield><marcx:datafield tag="021" ind1="0" ind2="0"><marcx:subfield code="d">kr. 315,00</marcx:subfield></marcx:datafield><marcx:datafield tag="032" ind1="0" ind2="0"><marcx:subfield code="x">SFG199908</marcx:subfield><marcx:subfield code="x">DAT199935</marcx:subfield></marcx:datafield><marcx:datafield tag="039" ind1="0" ind2="0"><marcx:subfield code="a">opr</marcx:subfield></marcx:datafield><marcx:datafield tag="100" ind1="0" ind2="0"><marcx:subfield code="a">Previn</marcx:subfield><marcx:subfield code="h">André</marcx:subfield></marcx:datafield><marcx:datafield tag="239" ind1="0" ind2="0"><marcx:subfield code="t">A ¤streetcar named Desire</marcx:subfield><marcx:subfield code="ø">Previn</marcx:subfield></marcx:datafield><marcx:datafield tag="245" ind1="0" ind2="0"><marcx:subfield code="a">A ¤streetcar named Desire</marcx:subfield><marcx:subfield code="e">music by André Previn</marcx:subfield><marcx:subfield code="e">solister: Renée Fleming, Elizabeth Futral, Rodney Gilfry, Anthony Dean Griffey ... [et al.]</marcx:subfield><marcx:subfield code="e">Orchestra of the San Francisco Opera</marcx:subfield><marcx:subfield code="e">dirigent: André Previn</marcx:subfield></marcx:datafield><marcx:datafield tag="260" ind1="0" ind2="0"><marcx:subfield code="a">[S.l.]</marcx:subfield><marcx:subfield code="b">DGG</marcx:subfield><marcx:subfield code="c">p 1998</marcx:subfield></marcx:datafield><marcx:datafield tag="300" ind1="0" ind2="0"><marcx:subfield code="n">3 cd'er</marcx:subfield><marcx:subfield code="b">digitaloptagelse</marcx:subfield><marcx:subfield code="D">1 hæfte</marcx:subfield><marcx:subfield code="d">1 tekst- og kommentarhæfte</marcx:subfield></marcx:datafield><marcx:datafield tag="440" ind1="0" ind2="0"><marcx:subfield code="0"/><marcx:subfield code="a">20/21 - music of our time</marcx:subfield></marcx:datafield><marcx:datafield tag="508" ind1="0" ind2="0"><marcx:subfield code="a">Sunget på engelsk</marcx:subfield></marcx:datafield><marcx:datafield tag="512" ind1="0" ind2="0"><marcx:subfield code="a">Live-optagelse, War Memorial Opera House, San Francisco september 1998</marcx:subfield></marcx:datafield><marcx:datafield tag="526" ind1="0" ind2="0"><marcx:subfield code="i">Efter Tennessee Williams skuespil</marcx:subfield><marcx:subfield code="t">Omstigning til paradis</marcx:subfield></marcx:datafield><marcx:datafield tag="538" ind1="0" ind2="0"><marcx:subfield code="f">DGG</marcx:subfield><marcx:subfield code="g">459366-2</marcx:subfield></marcx:datafield><marcx:datafield tag="652" ind1="0" ind2="0"><marcx:subfield code="m">78.81</marcx:subfield><marcx:subfield code="v">2</marcx:subfield></marcx:datafield><marcx:datafield tag="666" ind1="0" ind2="0"><marcx:subfield code="0"/><marcx:subfield code="m">opera</marcx:subfield><marcx:subfield code="n">vokal</marcx:subfield><marcx:subfield code="p">1990-1999</marcx:subfield><marcx:subfield code="l">USA</marcx:subfield></marcx:datafield><marcx:datafield tag="700" ind1="0" ind2="0"><marcx:subfield code="a">Fleming</marcx:subfield><marcx:subfield code="h">Renée</marcx:subfield></marcx:datafield><marcx:datafield tag="700" ind1="0" ind2="0"><marcx:subfield code="a">Futral</marcx:subfield><marcx:subfield code="h">Elizabeth</marcx:subfield></marcx:datafield><marcx:datafield tag="700" ind1="0" ind2="0"><marcx:subfield code="a">Gilfry</marcx:subfield><marcx:subfield code="h">Rodney</marcx:subfield></marcx:datafield><marcx:datafield tag="700" ind1="0" ind2="0"><marcx:subfield code="a">Griffey</marcx:subfield><marcx:subfield code="h">Anthony Dean</marcx:subfield></marcx:datafield><marcx:datafield tag="710" ind1="0" ind2="0"><marcx:subfield code="a">San Franciscos Operas Orkester</marcx:subfield></marcx:datafield><marcx:datafield tag="990" ind1="0" ind2="0"><marcx:subfield code="a">SFG</marcx:subfield><marcx:subfield code="c">C</marcx:subfield><marcx:subfield code="o">199908</marcx:subfield><marcx:subfield code="t">12.03.99</marcx:subfield></marcx:datafield><marcx:datafield tag="991" ind1="0" ind2="0"><marcx:subfield code="o">\(Klassiske noter 199908)\</marcx:subfield></marcx:datafield><marcx:datafield tag="996" ind1="0" ind2="0"><marcx:subfield code="a">DBC</marcx:subfield></marcx:datafield></marcx:record>