
<marcx:record format="danMARC2" type="Bibliographic" xmlns:marcx="info:lc/xmlns/marcxchange-v1"><marcx:leader>00000n    2200000   4500</marcx:leader><marcx:datafield tag="001" ind1="0" ind2="0"><marcx:subfield code="a">22372149</marcx:subfield><marcx:subfield code="b">191919</marcx:subfield><marcx:subfield code="c">19990219125216</marcx:subfield><marcx:subfield code="d">19990216</marcx:subfield><marcx:subfield code="f">a</marcx:subfield></marcx:datafield><marcx:datafield tag="004" ind1="0" ind2="0"><marcx:subfield code="r">n</marcx:subfield><marcx:subfield code="a">e</marcx:subfield></marcx:datafield><marcx:datafield tag="008" ind1="0" ind2="0"><marcx:subfield code="t">m</marcx:subfield><marcx:subfield code="u">f</marcx:subfield><marcx:subfield code="a">1998</marcx:subfield><marcx:subfield code="b">gb</marcx:subfield><marcx:subfield code="l">eng</marcx:subfield><marcx:subfield code="v">0</marcx:subfield></marcx:datafield><marcx:datafield tag="009" ind1="0" ind2="0"><marcx:subfield code="a">t</marcx:subfield><marcx:subfield code="g">tb</marcx:subfield></marcx:datafield><marcx:datafield tag="021" ind1="0" ind2="0"><marcx:subfield code="d">Kr. 185,00</marcx:subfield><marcx:subfield code="b">til udlån</marcx:subfield></marcx:datafield><marcx:datafield tag="032" ind1="0" ind2="0"><marcx:subfield code="x">UTI199908</marcx:subfield></marcx:datafield><marcx:datafield tag="245" ind1="0" ind2="0"><marcx:subfield code="a">Teach yourself MS Windows 95 &amp; 98</marcx:subfield><marcx:subfield code="c">beginner &amp; advanced tutorials</marcx:subfield></marcx:datafield><marcx:datafield tag="260" ind1="0" ind2="0"><marcx:subfield code="a">Rugeley, Staffordshire</marcx:subfield><marcx:subfield code="b">Focus Essential</marcx:subfield><marcx:subfield code="f">[Ballerup]</marcx:subfield><marcx:subfield code="g">[eksp. Indbindingscentralen]</marcx:subfield><marcx:subfield code="c">1998</marcx:subfield></marcx:datafield><marcx:datafield tag="300" ind1="0" ind2="0"><marcx:subfield code="n">1 cd-rom</marcx:subfield><marcx:subfield code="b">lyd, farve</marcx:subfield></marcx:datafield><marcx:datafield tag="440" ind1="0" ind2="0"><marcx:subfield code="a">Productivity</marcx:subfield></marcx:datafield><marcx:datafield tag="501" ind1="0" ind2="0"><marcx:subfield code="a">Pc, 486SX/33 MHz; 16 MB ram; Windows 95 eller Windows 98; farveskærm (800×600 billedopløsning, 256 farver); 2× cd-rom-drev</marcx:subfield></marcx:datafield><marcx:datafield tag="512" ind1="0" ind2="0"><marcx:subfield code="a">Titlen hentet fra cd-rometiket</marcx:subfield></marcx:datafield><marcx:datafield tag="512" ind1="0" ind2="0"><marcx:subfield code="a">På materialet: 1997/1998</marcx:subfield></marcx:datafield><marcx:datafield tag="512" ind1="0" ind2="0"><marcx:subfield code="a">Installationsvejledning på omslag</marcx:subfield></marcx:datafield><marcx:datafield tag="652" ind1="0" ind2="0"><marcx:subfield code="m">19.672</marcx:subfield><marcx:subfield code="b">Windows 95</marcx:subfield></marcx:datafield><marcx:datafield tag="652" ind1="0" ind2="0"><marcx:subfield code="p">19.672</marcx:subfield><marcx:subfield code="b">Windows 98</marcx:subfield></marcx:datafield><marcx:datafield tag="745" ind1="0" ind2="0"><marcx:subfield code="a">Teach yourself MS Windows 95 and 98</marcx:subfield></marcx:datafield><marcx:datafield tag="996" ind1="0" ind2="0"><marcx:subfield code="a">DBC</marcx:subfield></marcx:datafield></marcx:record>