
<marcx:record format="danMARC2" type="Bibliographic" xmlns:marcx="info:lc/xmlns/marcxchange-v1"><marcx:leader>00000n    2200000   4500</marcx:leader><marcx:datafield tag="001" ind1="0" ind2="0"><marcx:subfield code="a">22369490</marcx:subfield><marcx:subfield code="b">191919</marcx:subfield><marcx:subfield code="c">20000514225949</marcx:subfield><marcx:subfield code="d">19990210</marcx:subfield><marcx:subfield code="f">a</marcx:subfield></marcx:datafield><marcx:datafield tag="004" ind1="0" ind2="0"><marcx:subfield code="r">n</marcx:subfield><marcx:subfield code="a">e</marcx:subfield></marcx:datafield><marcx:datafield tag="008" ind1="0" ind2="0"><marcx:subfield code="t">s</marcx:subfield><marcx:subfield code="u">f</marcx:subfield><marcx:subfield code="a">1998</marcx:subfield><marcx:subfield code="b">us</marcx:subfield><marcx:subfield code="v">0</marcx:subfield></marcx:datafield><marcx:datafield tag="009" ind1="0" ind2="0"><marcx:subfield code="a">s</marcx:subfield><marcx:subfield code="g">xc</marcx:subfield></marcx:datafield><marcx:datafield tag="021" ind1="0" ind2="0"><marcx:subfield code="d">kr. 139,00</marcx:subfield></marcx:datafield><marcx:datafield tag="032" ind1="0" ind2="0"><marcx:subfield code="x">SFG199908</marcx:subfield><marcx:subfield code="x">DAT200021</marcx:subfield></marcx:datafield><marcx:datafield tag="039" ind1="0" ind2="0"><marcx:subfield code="a">jaz</marcx:subfield></marcx:datafield><marcx:datafield tag="100" ind1="0" ind2="0"><marcx:subfield code="a">Hamilton</marcx:subfield><marcx:subfield code="h">Scott</marcx:subfield></marcx:datafield><marcx:datafield tag="245" ind1="0" ind2="0"><marcx:subfield code="a">The ¤red door</marcx:subfield><marcx:subfield code="c">- remember Zoot Sims</marcx:subfield><marcx:subfield code="e">Scott Hamilton and Bucky Pizzarelli</marcx:subfield></marcx:datafield><marcx:datafield tag="260" ind1="0" ind2="0"><marcx:subfield code="a">Concord, Calif.</marcx:subfield><marcx:subfield code="b">Concord Jazz</marcx:subfield><marcx:subfield code="c">p 1998</marcx:subfield></marcx:datafield><marcx:datafield tag="300" ind1="0" ind2="0"><marcx:subfield code="n">1 cd</marcx:subfield></marcx:datafield><marcx:datafield tag="512" ind1="0" ind2="0"><marcx:subfield code="a">Indspillet i New York City 1995</marcx:subfield></marcx:datafield><marcx:datafield tag="512" ind1="0" ind2="0"><marcx:subfield code="a">Omslagstitel: Scott Hamilton and Bucky Puzzarelli remember Zoot Sims</marcx:subfield></marcx:datafield><marcx:datafield tag="531" ind1="0" ind2="0"><marcx:subfield code="a">Indhold:</marcx:subfield></marcx:datafield><marcx:datafield tag="538" ind1="0" ind2="0"><marcx:subfield code="f">Concord Jazz</marcx:subfield><marcx:subfield code="g">CCD-4799-2</marcx:subfield></marcx:datafield><marcx:datafield tag="652" ind1="0" ind2="0"><marcx:subfield code="m">78.793</marcx:subfield><marcx:subfield code="v">4</marcx:subfield></marcx:datafield><marcx:datafield tag="666" ind1="0" ind2="0"><marcx:subfield code="m">jazz</marcx:subfield><marcx:subfield code="m">bop</marcx:subfield><marcx:subfield code="n">instrumental</marcx:subfield><marcx:subfield code="n">tenorsaxofon</marcx:subfield><marcx:subfield code="n">saxofon</marcx:subfield><marcx:subfield code="n">guitar</marcx:subfield><marcx:subfield code="p">1990-1999</marcx:subfield><marcx:subfield code="l">USA</marcx:subfield></marcx:datafield><marcx:datafield tag="700" ind1="0" ind2="0"><marcx:subfield code="a">Pizzarelli</marcx:subfield><marcx:subfield code="h">Bucky</marcx:subfield></marcx:datafield><marcx:datafield tag="700" ind1="0" ind2="0"><marcx:subfield code="a">Sims</marcx:subfield><marcx:subfield code="h">Zoot</marcx:subfield></marcx:datafield><marcx:datafield tag="745" ind1="0" ind2="0"><marcx:subfield code="a">Remember Zoot Sims</marcx:subfield></marcx:datafield><marcx:datafield tag="745" ind1="0" ind2="0"><marcx:subfield code="a">Scott Hamilton and Bucky Pizzarelli remember Zoot Sims</marcx:subfield></marcx:datafield><marcx:datafield tag="795" ind1="0" ind2="0"><marcx:subfield code="å">40</marcx:subfield><marcx:subfield code="y">0</marcx:subfield><marcx:subfield code="a">2 funky people</marcx:subfield></marcx:datafield><marcx:datafield tag="795" ind1="0" ind2="0"><marcx:subfield code="å">11</marcx:subfield><marcx:subfield code="a">It had to be you</marcx:subfield><marcx:subfield code="a">Gee baby, ain't I good to you?</marcx:subfield><marcx:subfield code="a">The ¤red door</marcx:subfield><marcx:subfield code="a">Dream of you</marcx:subfield><marcx:subfield code="a">Jitterbug waltz</marcx:subfield><marcx:subfield code="a">Two funky people</marcx:subfield><marcx:subfield code="a">Just you, just me</marcx:subfield><marcx:subfield code="a">In the middle of a kiss</marcx:subfield><marcx:subfield code="a">Morning fun</marcx:subfield><marcx:subfield code="a">It's all right with me</marcx:subfield></marcx:datafield><marcx:datafield tag="990" ind1="0" ind2="0"><marcx:subfield code="a">SFG</marcx:subfield><marcx:subfield code="c">C</marcx:subfield><marcx:subfield code="o">199908</marcx:subfield><marcx:subfield code="t">12.03.99</marcx:subfield></marcx:datafield><marcx:datafield tag="996" ind1="0" ind2="0"><marcx:subfield code="a">DBC</marcx:subfield></marcx:datafield></marcx:record>