
<record xsi:schemaLocation="http://www.loc.gov/standards/iso25577/marcxchange-1-1.xsd" xmlns="info:lc/xmlns/marcxchange-v1" xmlns:xsi="http://www.w3.org/2001/XMLSchema-instance"><leader>00000n    2200000   4500</leader><datafield tag="001" ind1="0" ind2="0"><subfield code="a">51912489</subfield><subfield code="b">191919</subfield><subfield code="c">20150923111737</subfield><subfield code="d">20150827</subfield><subfield code="f">a</subfield></datafield><datafield tag="004" ind1="0" ind2="0"><subfield code="r">n</subfield><subfield code="a">b</subfield></datafield><datafield tag="008" ind1="0" ind2="0"><subfield code="t">p</subfield><subfield code="v">0</subfield></datafield><datafield tag="014" ind1="0" ind2="0"><subfield code="a">51946006</subfield></datafield><datafield tag="021" ind1="0" ind2="0"><subfield code="e">9788771560336</subfield></datafield><datafield tag="032" ind1="0" ind2="0"><subfield code="x">ACC201535</subfield><subfield code="a">DBF201540</subfield><subfield code="x">ARK201536</subfield></datafield><datafield tag="245" ind1="0" ind2="0"><subfield code="g">[Årgang] 2012</subfield></datafield><datafield tag="260" ind1="0" ind2="0"><subfield code="c">2013</subfield></datafield><datafield tag="440" ind1="0" ind2="0"><subfield code="0"></subfield><subfield code="a">Videnskabelig rapport fra DCE - Nationalt Center for Miljø og Energi</subfield><subfield code="z">2244-9981</subfield><subfield code="V">75</subfield><subfield code="v">nr. 75</subfield></datafield><datafield tag="512" ind1="0" ind2="0"><subfield code="a">Tidligere årgange ikke registrerede i: Dansk bogfortegnelse</subfield></datafield><datafield tag="856" ind1="0" ind2="0"><subfield code="z">Adgangsmåde: Internet</subfield><subfield code="u">http://dce2.au.dk/Pub/SR75.pdf</subfield><subfield code="y">PDF-format</subfield></datafield><datafield tag="996" ind1="0" ind2="0"><subfield code="a">DBC</subfield></datafield></record>