
<record xsi:schemaLocation="http://www.loc.gov/standards/iso25577/marcxchange-1-1.xsd" xmlns="info:lc/xmlns/marcxchange-v1" xmlns:xsi="http://www.w3.org/2001/XMLSchema-instance"><leader>00000n    2200000   4500</leader><datafield tag="001" ind1="0" ind2="0"><subfield code="a">22371045</subfield><subfield code="b">191919</subfield><subfield code="c">20150928141110</subfield><subfield code="d">19990215</subfield><subfield code="f">a</subfield></datafield><datafield tag="004" ind1="0" ind2="0"><subfield code="r">n</subfield><subfield code="a">e</subfield></datafield><datafield tag="008" ind1="0" ind2="0"><subfield code="t">m</subfield><subfield code="u">f</subfield><subfield code="a">1999</subfield><subfield code="b">dk</subfield><subfield code="d">x</subfield><subfield code="j">f</subfield><subfield code="l">dan</subfield><subfield code="v">0</subfield></datafield><datafield tag="009" ind1="0" ind2="0"><subfield code="a">a</subfield><subfield code="g">xx</subfield></datafield><datafield tag="021" ind1="0" ind2="0"><subfield code="a">87-00-24406-6</subfield><subfield code="c">hf.</subfield><subfield code="d">kr. 325,00</subfield></datafield><datafield tag="032" ind1="0" ind2="0"><subfield code="a">DBF199910</subfield><subfield code="x">SFD199910</subfield><subfield code="x">DAT201541</subfield></datafield><datafield tag="041" ind1="0" ind2="0"><subfield code="a">dan</subfield><subfield code="c">eng</subfield></datafield><datafield tag="100" ind1="0" ind2="0"><subfield code="a">Lessing</subfield><subfield code="h">Doris</subfield></datafield><datafield tag="241" ind1="0" ind2="0"><subfield code="a">Love, again</subfield></datafield><datafield tag="245" ind1="0" ind2="0"><subfield code="a">Kærlighedens teater</subfield><subfield code="e">Doris Lessing</subfield><subfield code="f">på dansk ved Lorens Juul Madsen</subfield><subfield code="f">François Villons digte er oversat af Jørgen Sonne</subfield></datafield><datafield tag="260" ind1="0" ind2="0"><subfield code="&amp;">1</subfield><subfield code="a">[Kbh.]</subfield><subfield code="b">Gyldendal</subfield><subfield code="c">1999</subfield><subfield code="k">Nordisk Bog Center, Haslev</subfield></datafield><datafield tag="300" ind1="0" ind2="0"><subfield code="a">343 sider</subfield></datafield><datafield tag="504" ind1="0" ind2="0"><subfield code="&amp;">1</subfield><subfield code="a">På et teater i Oxfordshire sætter Sarah Durham et stykke op, baseret på mulatkvinden Julie Vairons dagbøger. Da stykket også sættes op i Julies hjemby Bel-Rivieres i Provence får det dramatiske følger</subfield></datafield><datafield tag="520" ind1="0" ind2="0"><subfield code="&amp;">1</subfield><subfield code="a">Originaludgave: 1996</subfield></datafield><datafield tag="652" ind1="0" ind2="0"><subfield code="n">83</subfield><subfield code="z">26</subfield></datafield><datafield tag="652" ind1="0" ind2="0"><subfield code="o">sk</subfield></datafield><datafield tag="666" ind1="0" ind2="0"><subfield code="0"></subfield><subfield code="s">kunstnere</subfield></datafield><datafield tag="666" ind1="0" ind2="0"><subfield code="0"></subfield><subfield code="s">kvinder</subfield></datafield><datafield tag="666" ind1="0" ind2="0"><subfield code="0"></subfield><subfield code="s">parforhold</subfield></datafield><datafield tag="666" ind1="0" ind2="0"><subfield code="0"></subfield><subfield code="q">England</subfield></datafield><datafield tag="666" ind1="0" ind2="0"><subfield code="0"></subfield><subfield code="q">Frankrig</subfield></datafield><datafield tag="900" ind1="0" ind2="0"><subfield code="a">Somers</subfield><subfield code="h">Jane</subfield><subfield code="z">100</subfield></datafield><datafield tag="990" ind1="0" ind2="0"><subfield code="a">SFD</subfield><subfield code="b">L</subfield><subfield code="c">A</subfield><subfield code="m">Indgår i Ibc's KVIK-tilbud 9909.bud 9909.</subfield><subfield code="o">199910</subfield></datafield><datafield tag="996" ind1="0" ind2="0"><subfield code="a">DBC</subfield></datafield></record>