
<marcx:record format="danMARC2" type="Bibliographic" xmlns:marcx="info:lc/xmlns/marcxchange-v1"><marcx:leader>00000n    2200000   4500</marcx:leader><marcx:datafield tag="001" ind1="0" ind2="0"><marcx:subfield code="a">22367595</marcx:subfield><marcx:subfield code="b">191919</marcx:subfield><marcx:subfield code="c">20060209014840</marcx:subfield><marcx:subfield code="d">19990209</marcx:subfield><marcx:subfield code="f">a</marcx:subfield></marcx:datafield><marcx:datafield tag="004" ind1="0" ind2="0"><marcx:subfield code="r">n</marcx:subfield><marcx:subfield code="a">e</marcx:subfield></marcx:datafield><marcx:datafield tag="008" ind1="0" ind2="0"><marcx:subfield code="t">s</marcx:subfield><marcx:subfield code="u">f</marcx:subfield><marcx:subfield code="a">1994</marcx:subfield><marcx:subfield code="b">fr</marcx:subfield><marcx:subfield code="l">ger</marcx:subfield><marcx:subfield code="v">0</marcx:subfield></marcx:datafield><marcx:datafield tag="009" ind1="0" ind2="0"><marcx:subfield code="a">s</marcx:subfield><marcx:subfield code="g">xc</marcx:subfield><marcx:subfield code="b">a</marcx:subfield><marcx:subfield code="h">xx</marcx:subfield></marcx:datafield><marcx:datafield tag="021" ind1="0" ind2="0"><marcx:subfield code="d">kr. 231,00</marcx:subfield></marcx:datafield><marcx:datafield tag="032" ind1="0" ind2="0"><marcx:subfield code="x">SFG199909</marcx:subfield><marcx:subfield code="x">DAT200606</marcx:subfield></marcx:datafield><marcx:datafield tag="039" ind1="0" ind2="0"><marcx:subfield code="a">opr</marcx:subfield></marcx:datafield><marcx:datafield tag="100" ind1="0" ind2="0"><marcx:subfield code="a">Wagner</marcx:subfield><marcx:subfield code="h">Richard</marcx:subfield></marcx:datafield><marcx:datafield tag="239" ind1="0" ind2="0"><marcx:subfield code="t">Nibelungens ring (uddrag)</marcx:subfield><marcx:subfield code="ø">Kempe</marcx:subfield></marcx:datafield><marcx:datafield tag="245" ind1="0" ind2="0"><marcx:subfield code="a">Les ¤introuvables du Ring</marcx:subfield><marcx:subfield code="e">Wagner</marcx:subfield></marcx:datafield><marcx:datafield tag="260" ind1="0" ind2="0"><marcx:subfield code="a">[S.l.]</marcx:subfield><marcx:subfield code="b">EMI Classics</marcx:subfield><marcx:subfield code="c">p 1994</marcx:subfield></marcx:datafield><marcx:datafield tag="300" ind1="0" ind2="0"><marcx:subfield code="n">4 cd'er</marcx:subfield><marcx:subfield code="b">mono og stereo</marcx:subfield><marcx:subfield code="D">1 hæfte</marcx:subfield><marcx:subfield code="d">1 kommentarhæfte</marcx:subfield></marcx:datafield><marcx:datafield tag="502" ind1="0" ind2="0"><marcx:subfield code="a">Originaltitler: Der Ring des Nibelungen (Das Rheingold ; Die Walküre ; Siegfried ; Götterdämmerung)</marcx:subfield></marcx:datafield><marcx:datafield tag="508" ind1="0" ind2="0"><marcx:subfield code="a">Sunget på tysk</marcx:subfield></marcx:datafield><marcx:datafield tag="512" ind1="0" ind2="0"><marcx:subfield code="a">Indspillet i London, Berlin og München 1948-1977</marcx:subfield></marcx:datafield><marcx:datafield tag="531" ind1="0" ind2="0"><marcx:subfield code="a">Indhold:</marcx:subfield></marcx:datafield><marcx:datafield tag="538" ind1="0" ind2="0"><marcx:subfield code="f">EMI Classics</marcx:subfield><marcx:subfield code="g">5652122</marcx:subfield></marcx:datafield><marcx:datafield tag="652" ind1="0" ind2="0"><marcx:subfield code="m">78.81</marcx:subfield><marcx:subfield code="v">2</marcx:subfield></marcx:datafield><marcx:datafield tag="652" ind1="0" ind2="0"><marcx:subfield code="å">11</marcx:subfield><marcx:subfield code="i">78.81</marcx:subfield><marcx:subfield code="v">2</marcx:subfield><marcx:subfield code="i">78.81</marcx:subfield><marcx:subfield code="v">2</marcx:subfield><marcx:subfield code="i">78.81</marcx:subfield><marcx:subfield code="v">2</marcx:subfield><marcx:subfield code="i">78.411</marcx:subfield><marcx:subfield code="i">78.81</marcx:subfield><marcx:subfield code="v">2</marcx:subfield><marcx:subfield code="i">78.81</marcx:subfield><marcx:subfield code="v">2</marcx:subfield><marcx:subfield code="i">78.81</marcx:subfield><marcx:subfield code="v">2</marcx:subfield><marcx:subfield code="i">78.411</marcx:subfield><marcx:subfield code="i">78.81</marcx:subfield><marcx:subfield code="v">2</marcx:subfield><marcx:subfield code="i">78.81</marcx:subfield><marcx:subfield code="v">2</marcx:subfield><marcx:subfield code="i">78.81</marcx:subfield><marcx:subfield code="v">2</marcx:subfield></marcx:datafield><marcx:datafield tag="666" ind1="0" ind2="0"><marcx:subfield code="0"/><marcx:subfield code="m">romantik</marcx:subfield><marcx:subfield code="m">opera</marcx:subfield><marcx:subfield code="n">vokal</marcx:subfield><marcx:subfield code="p">1850-1859</marcx:subfield><marcx:subfield code="p">1860-1869</marcx:subfield><marcx:subfield code="p">1870-1879</marcx:subfield><marcx:subfield code="l">Tyskland</marcx:subfield></marcx:datafield><marcx:datafield tag="700" ind1="0" ind2="0"><marcx:subfield code="a">Blatter</marcx:subfield><marcx:subfield code="h">Johanna</marcx:subfield></marcx:datafield><marcx:datafield tag="700" ind1="0" ind2="0"><marcx:subfield code="a">Böhm</marcx:subfield><marcx:subfield code="h">Karl</marcx:subfield></marcx:datafield><marcx:datafield tag="700" ind1="0" ind2="0"><marcx:subfield code="a">Cochran</marcx:subfield><marcx:subfield code="h">William</marcx:subfield></marcx:datafield><marcx:datafield tag="700" ind1="0" ind2="0"><marcx:subfield code="a">Dernesch</marcx:subfield><marcx:subfield code="h">Helga</marcx:subfield></marcx:datafield><marcx:datafield tag="700" ind1="0" ind2="0"><marcx:subfield code="å">1</marcx:subfield><marcx:subfield code="a">Fischer-Dieskau</marcx:subfield><marcx:subfield code="h">Dietrich</marcx:subfield></marcx:datafield><marcx:datafield tag="700" ind1="0" ind2="0"><marcx:subfield code="a">Flagstad</marcx:subfield><marcx:subfield code="h">Kirsten</marcx:subfield></marcx:datafield><marcx:datafield tag="700" ind1="0" ind2="0"><marcx:subfield code="a">Frantz</marcx:subfield><marcx:subfield code="h">Ferdinand</marcx:subfield></marcx:datafield><marcx:datafield tag="700" ind1="0" ind2="0"><marcx:subfield code="a">Frick</marcx:subfield><marcx:subfield code="h">Gottlob</marcx:subfield></marcx:datafield><marcx:datafield tag="700" ind1="0" ind2="0"><marcx:subfield code="a">Furtwängler</marcx:subfield><marcx:subfield code="h">Wilhelm</marcx:subfield></marcx:datafield><marcx:datafield tag="700" ind1="0" ind2="0"><marcx:subfield code="a">Hotter</marcx:subfield><marcx:subfield code="h">Hans</marcx:subfield></marcx:datafield><marcx:datafield tag="700" ind1="0" ind2="0"><marcx:subfield code="a">Kempe</marcx:subfield><marcx:subfield code="h">Rudolf</marcx:subfield></marcx:datafield><marcx:datafield tag="700" ind1="0" ind2="0"><marcx:subfield code="a">Klemperer</marcx:subfield><marcx:subfield code="h">Otto</marcx:subfield></marcx:datafield><marcx:datafield tag="700" ind1="0" ind2="0"><marcx:subfield code="a">Konwitschny</marcx:subfield><marcx:subfield code="h">Franz</marcx:subfield></marcx:datafield><marcx:datafield tag="700" ind1="0" ind2="0"><marcx:subfield code="a">Kubelik</marcx:subfield><marcx:subfield code="h">Rafael</marcx:subfield></marcx:datafield><marcx:datafield tag="700" ind1="0" ind2="0"><marcx:subfield code="a">Kusche</marcx:subfield><marcx:subfield code="h">Benno</marcx:subfield></marcx:datafield><marcx:datafield tag="700" ind1="0" ind2="0"><marcx:subfield code="a">Ludwig</marcx:subfield><marcx:subfield code="h">Leopold</marcx:subfield></marcx:datafield><marcx:datafield tag="700" ind1="0" ind2="0"><marcx:subfield code="a">Melchert</marcx:subfield><marcx:subfield code="h">Helmut</marcx:subfield></marcx:datafield><marcx:datafield tag="700" ind1="0" ind2="0"><marcx:subfield code="a">Metternich</marcx:subfield><marcx:subfield code="h">Josef</marcx:subfield></marcx:datafield><marcx:datafield tag="700" ind1="0" ind2="0"><marcx:subfield code="a">Muszely</marcx:subfield><marcx:subfield code="h">Melitta</marcx:subfield></marcx:datafield><marcx:datafield tag="700" ind1="0" ind2="0"><marcx:subfield code="a">Nilsson</marcx:subfield><marcx:subfield code="h">Birgit</marcx:subfield><marcx:subfield code="c">f. 1918</marcx:subfield></marcx:datafield><marcx:datafield tag="700" ind1="0" ind2="0"><marcx:subfield code="a">Otto</marcx:subfield><marcx:subfield code="h">Lisa</marcx:subfield></marcx:datafield><marcx:datafield tag="700" ind1="0" ind2="0"><marcx:subfield code="a">Sawallisch</marcx:subfield><marcx:subfield code="h">Wolfgang</marcx:subfield></marcx:datafield><marcx:datafield tag="700" ind1="0" ind2="0"><marcx:subfield code="a">Schock</marcx:subfield><marcx:subfield code="h">Rudolf</marcx:subfield></marcx:datafield><marcx:datafield tag="700" ind1="0" ind2="0"><marcx:subfield code="a">Siewert</marcx:subfield><marcx:subfield code="h">Ruth</marcx:subfield></marcx:datafield><marcx:datafield tag="700" ind1="0" ind2="0"><marcx:subfield code="a">Sotin</marcx:subfield><marcx:subfield code="h">Hans</marcx:subfield></marcx:datafield><marcx:datafield tag="700" ind1="0" ind2="0"><marcx:subfield code="a">Svanholm</marcx:subfield><marcx:subfield code="h">Set</marcx:subfield></marcx:datafield><marcx:datafield tag="700" ind1="0" ind2="0"><marcx:subfield code="a">Sébastian</marcx:subfield><marcx:subfield code="h">Georges</marcx:subfield></marcx:datafield><marcx:datafield tag="700" ind1="0" ind2="0"><marcx:subfield code="a">Wagner</marcx:subfield><marcx:subfield code="h">Sieglinde</marcx:subfield></marcx:datafield><marcx:datafield tag="700" ind1="0" ind2="0"><marcx:subfield code="a">Weigert</marcx:subfield><marcx:subfield code="h">Hermann</marcx:subfield></marcx:datafield><marcx:datafield tag="710" ind1="0" ind2="0"><marcx:subfield code="å">3</marcx:subfield><marcx:subfield code="a">Den ¤Bayriske Radios Symfoniorkester, München</marcx:subfield></marcx:datafield><marcx:datafield tag="710" ind1="0" ind2="0"><marcx:subfield code="a">Den ¤Tyske Statsoperas Kor, Berlin</marcx:subfield></marcx:datafield><marcx:datafield tag="710" ind1="0" ind2="0"><marcx:subfield code="å">2</marcx:subfield><marcx:subfield code="a">Den ¤Tyske Statsoperas Orkester, Berlin</marcx:subfield></marcx:datafield><marcx:datafield tag="710" ind1="0" ind2="0"><marcx:subfield code="a">New Philharmonia-Orkestret, London</marcx:subfield></marcx:datafield><marcx:datafield tag="710" ind1="0" ind2="0"><marcx:subfield code="a">Philharmonia-Orkestret, London</marcx:subfield></marcx:datafield><marcx:datafield tag="710" ind1="0" ind2="0"><marcx:subfield code="å">1</marcx:subfield><marcx:subfield code="a">Statskapellet Berlin</marcx:subfield></marcx:datafield><marcx:datafield tag="770" ind1="0" ind2="0"><marcx:subfield code="å">11</marcx:subfield><marcx:subfield code="a">Wagner</marcx:subfield><marcx:subfield code="h">Richard</marcx:subfield></marcx:datafield><marcx:datafield tag="795" ind1="0" ind2="0"><marcx:subfield code="å">11</marcx:subfield><marcx:subfield code="a">Rhinguldet (uddrag)</marcx:subfield><marcx:subfield code="e">solister: Lisa Otto, Melitta Muszely, Sieglinde Wagner, Benno Kusche, Ruth Siewert, Ferdinand Frantz, Johanna Blatter, Helmut Meichert, Josef Metternich, Rudolf Schock</marcx:subfield><marcx:subfield code="e">Staatskapelle Berlin</marcx:subfield><marcx:subfield code="e">dirigent: Rudolf Kempe</marcx:subfield><marcx:subfield code="a">Valkyrien (2. akt, 4. scene)</marcx:subfield><marcx:subfield code="e">solister: Kirsten Flagstad, Set Svanholm</marcx:subfield><marcx:subfield code="e">Philharmonia Orchestra</marcx:subfield><marcx:subfield code="e">dirigent: Karl Böhm</marcx:subfield><marcx:subfield code="a">Valkyrien</marcx:subfield><marcx:subfield code="7"> (</marcx:subfield><marcx:subfield code="v">Wotans afsked</marcx:subfield><marcx:subfield code="7">)</marcx:subfield><marcx:subfield code="e">Dietrich Fischer-Dieskau, baryton</marcx:subfield><marcx:subfield code="e">Symphonie-Orchester des Bayerischen Rundfunks</marcx:subfield><marcx:subfield code="e">dirigent: Rafael Kubelik</marcx:subfield><marcx:subfield code="a">Valkyrien</marcx:subfield><marcx:subfield code="7"> (</marcx:subfield><marcx:subfield code="v">Trylleilden</marcx:subfield><marcx:subfield code="7">)</marcx:subfield><marcx:subfield code="e">Symphonie-Orchester der Bayerischen Rundfunks</marcx:subfield><marcx:subfield code="e">dirigent: Rafael Kubelik</marcx:subfield><marcx:subfield code="a">Valkyrien (1. akt)</marcx:subfield><marcx:subfield code="e">solister: Helga Dernesch, William Cochran, Hans Sotin</marcx:subfield><marcx:subfield code="e">New Philharmonia Orchestra</marcx:subfield><marcx:subfield code="e">dirigent: Otto Klemperer</marcx:subfield><marcx:subfield code="a">Valkyrien (3. akt (uddrag))</marcx:subfield><marcx:subfield code="e">solister: Birgit Nilsson, Hans Hotter</marcx:subfield><marcx:subfield code="e">Philharmonia Orchestra</marcx:subfield><marcx:subfield code="e">dirigent: Leopold Ludwig</marcx:subfield><marcx:subfield code="a">Siegfried (3. akt (uddrag))</marcx:subfield><marcx:subfield code="e">solister: Kirsten Flagstad, Set Svanholm</marcx:subfield><marcx:subfield code="e">Philharmonia Orchestra</marcx:subfield><marcx:subfield code="e">dirigent: George Sebastian</marcx:subfield><marcx:subfield code="a">Ragnarok</marcx:subfield><marcx:subfield code="7"> (</marcx:subfield><marcx:subfield code="v">Zu neuen Taten</marcx:subfield><marcx:subfield code="v">Mehr gabst du, Wunderfrau</marcx:subfield><marcx:subfield code="v">O heilige Götter!</marcx:subfield><marcx:subfield code="7">)</marcx:subfield><marcx:subfield code="e">solister: Kirsten Flagstad, Set Svanholm</marcx:subfield><marcx:subfield code="e">Philharmonia Orchestra</marcx:subfield><marcx:subfield code="e">dirigent: George Sebastian</marcx:subfield><marcx:subfield code="a">Ragnarok</marcx:subfield><marcx:subfield code="7"> (</marcx:subfield><marcx:subfield code="v">Siegfrieds Rhinfart</marcx:subfield><marcx:subfield code="v">Sørgemarch</marcx:subfield><marcx:subfield code="7">)</marcx:subfield><marcx:subfield code="e">Philharmonia Orchestra</marcx:subfield><marcx:subfield code="e">dirigent: Wolfgang Sawallisch</marcx:subfield><marcx:subfield code="a">Ragnarok</marcx:subfield><marcx:subfield code="7"> (</marcx:subfield><marcx:subfield code="v">Hier sitz' ich zur Wacht</marcx:subfield><marcx:subfield code="v">Hoiho!Hoihohoho!</marcx:subfield><marcx:subfield code="7">)</marcx:subfield><marcx:subfield code="e">Gottlob Frick, bas</marcx:subfield><marcx:subfield code="e">Männerchor und Orchester des Deutschen Staatsoper Berlin</marcx:subfield><marcx:subfield code="e">dirigent: Franz Konwitschny</marcx:subfield><marcx:subfield code="a">Ragnarok</marcx:subfield><marcx:subfield code="7"> (</marcx:subfield><marcx:subfield code="v">Helle Wehr! Heilige Waffe</marcx:subfield><marcx:subfield code="7">)</marcx:subfield><marcx:subfield code="e">solister: Set Svanholm, Kirsten Flagstad</marcx:subfield><marcx:subfield code="e">Philharmonia Orchestra</marcx:subfield><marcx:subfield code="e">dirigent: Herman Weigert</marcx:subfield><marcx:subfield code="a">Ragnarok</marcx:subfield><marcx:subfield code="7"> (</marcx:subfield><marcx:subfield code="v">Starke Scheite schichtet mir dort</marcx:subfield><marcx:subfield code="7">)</marcx:subfield><marcx:subfield code="e">Kirsten Flagstad, sopran</marcx:subfield><marcx:subfield code="e">Philharmonia Orchestra</marcx:subfield><marcx:subfield code="e">dirigent: Wilhelm Furtwängler</marcx:subfield></marcx:datafield><marcx:datafield tag="795" ind1="0" ind2="0"><marcx:subfield code="å">99</marcx:subfield><marcx:subfield code="y">0</marcx:subfield><marcx:subfield code="a">Der ¤Ring des Nibelungen</marcx:subfield><marcx:subfield code="a">Das ¤Rheingold</marcx:subfield><marcx:subfield code="a">Die ¤Walküre</marcx:subfield><marcx:subfield code="a">Götterdämmerung</marcx:subfield></marcx:datafield><marcx:datafield tag="900" ind1="0" ind2="0"><marcx:subfield code="a">Dieskau</marcx:subfield><marcx:subfield code="h">Dietrich Fischer-</marcx:subfield><marcx:subfield code="z">700/1</marcx:subfield></marcx:datafield><marcx:datafield tag="910" ind1="0" ind2="0"><marcx:subfield code="a">Berlins Statsoperas Orkester</marcx:subfield><marcx:subfield code="z">710/2</marcx:subfield></marcx:datafield><marcx:datafield tag="910" ind1="0" ind2="0"><marcx:subfield code="a">Symphonie-Orchester der Bayerischen Rundfunks</marcx:subfield><marcx:subfield code="z">710/3</marcx:subfield></marcx:datafield><marcx:datafield tag="910" ind1="0" ind2="0"><marcx:subfield code="a">Staatskapelle Berlin</marcx:subfield><marcx:subfield code="z">710/1</marcx:subfield></marcx:datafield><marcx:datafield tag="990" ind1="0" ind2="0"><marcx:subfield code="a">SFG</marcx:subfield><marcx:subfield code="o">199909</marcx:subfield><marcx:subfield code="c">C</marcx:subfield><marcx:subfield code="t">19.03.99</marcx:subfield></marcx:datafield><marcx:datafield tag="991" ind1="0" ind2="0"><marcx:subfield code="o">\(Klassiske noter 199909)\</marcx:subfield></marcx:datafield><marcx:datafield tag="996" ind1="0" ind2="0"><marcx:subfield code="a">DBC</marcx:subfield></marcx:datafield></marcx:record>