
<marcx:record format="danMARC2" type="Bibliographic" xmlns:marcx="info:lc/xmlns/marcxchange-v1"><marcx:leader>00000c    2200000   4500</marcx:leader><marcx:datafield tag="001" ind1="0" ind2="0"><marcx:subfield code="a">42757179</marcx:subfield><marcx:subfield code="b">191919</marcx:subfield><marcx:subfield code="c">20011130022133</marcx:subfield><marcx:subfield code="d">20011130</marcx:subfield><marcx:subfield code="f">a</marcx:subfield></marcx:datafield><marcx:datafield tag="002" ind1="0" ind2="0"><marcx:subfield code="b">710100</marcx:subfield><marcx:subfield code="c">91256746</marcx:subfield><marcx:subfield code="x">71010091256746</marcx:subfield></marcx:datafield><marcx:datafield tag="004" ind1="0" ind2="0"><marcx:subfield code="r">c</marcx:subfield><marcx:subfield code="a">e</marcx:subfield></marcx:datafield><marcx:datafield tag="005" ind1="0" ind2="0"><marcx:subfield code="h">w</marcx:subfield><marcx:subfield code="h">u</marcx:subfield><marcx:subfield code="k">a</marcx:subfield></marcx:datafield><marcx:datafield tag="008" ind1="0" ind2="0"><marcx:subfield code="t">m</marcx:subfield><marcx:subfield code="u">f</marcx:subfield><marcx:subfield code="a">1996</marcx:subfield><marcx:subfield code="b">us</marcx:subfield><marcx:subfield code="l">eng</marcx:subfield><marcx:subfield code="v">0</marcx:subfield></marcx:datafield><marcx:datafield tag="009" ind1="0" ind2="0"><marcx:subfield code="a">c</marcx:subfield><marcx:subfield code="g">xx</marcx:subfield><marcx:subfield code="b">s</marcx:subfield><marcx:subfield code="h">xc</marcx:subfield><marcx:subfield code="b">m</marcx:subfield><marcx:subfield code="h">nh</marcx:subfield></marcx:datafield><marcx:datafield tag="021" ind1="0" ind2="0"><marcx:subfield code="a">1-57623-405-3</marcx:subfield><marcx:subfield code="d">kr. 500,00</marcx:subfield><marcx:subfield code="b">brugsretskategori: C</marcx:subfield></marcx:datafield><marcx:datafield tag="245" ind1="0" ind2="0"><marcx:subfield code="a">Drum basics</marcx:subfield><marcx:subfield code="c">steps one &amp; two combined</marcx:subfield><marcx:subfield code="e">Mike Finkelstein, Sandy Gennaro, Joe Testa</marcx:subfield><marcx:subfield code="f">contributing editor: Sandy Feldstein</marcx:subfield><marcx:subfield code="ø">Udgave med cd og video</marcx:subfield></marcx:datafield><marcx:datafield tag="260" ind1="0" ind2="0"><marcx:subfield code="a">Miami, Fla.</marcx:subfield><marcx:subfield code="b">Warner Bros.</marcx:subfield><marcx:subfield code="b">IMP</marcx:subfield><marcx:subfield code="f">[Kbh.]</marcx:subfield><marcx:subfield code="g">distribution: Front Row</marcx:subfield><marcx:subfield code="c">1996</marcx:subfield></marcx:datafield><marcx:datafield tag="300" ind1="0" ind2="0"><marcx:subfield code="a">40 sider</marcx:subfield><marcx:subfield code="b">ill.</marcx:subfield><marcx:subfield code="c">31 cm</marcx:subfield><marcx:subfield code="d">1 cd</marcx:subfield><marcx:subfield code="d">2 videokassetter</marcx:subfield><marcx:subfield code="e">VHS</marcx:subfield><marcx:subfield code="l">30 min., 30 min.</marcx:subfield><marcx:subfield code="b">stereo, hi-fi</marcx:subfield></marcx:datafield><marcx:datafield tag="440" ind1="0" ind2="0"><marcx:subfield code="0"/><marcx:subfield code="a">The ¤ultimate beginner series</marcx:subfield></marcx:datafield><marcx:datafield tag="504" ind1="0" ind2="0"><marcx:subfield code="a">Trommeskole for begyndere</marcx:subfield></marcx:datafield><marcx:datafield tag="512" ind1="0" ind2="0"><marcx:subfield code="a">På omslaget: About the drum set. How to hold the sticks. How to play basic beats. Note values. Song structure and the drummer's role in a song. How to play drum fills. Warm-up exercises</marcx:subfield></marcx:datafield><marcx:datafield tag="512" ind1="0" ind2="0"><marcx:subfield code="a">Cd: Drum basics : steps one &amp; two combined / Mike Finkelstein, Sandy Gennaro, Joe Testa. Warner Bros. UBSBK 001 CD. Stereo. Gennemspilning af øvelserne i nodehæftet</marcx:subfield></marcx:datafield><marcx:datafield tag="512" ind1="0" ind2="0"><marcx:subfield code="a">Video: Drum basics : step one &amp; two / with Sandy Gennaro, in association with drummers collective. IMP. VHO 209, VHO 210</marcx:subfield></marcx:datafield><marcx:datafield tag="652" ind1="0" ind2="0"><marcx:subfield code="m">78.4801</marcx:subfield></marcx:datafield><marcx:datafield tag="666" ind1="0" ind2="0"><marcx:subfield code="o">trommeskoler</marcx:subfield></marcx:datafield><marcx:datafield tag="700" ind1="0" ind2="0"><marcx:subfield code="a">Finkelstein</marcx:subfield><marcx:subfield code="h">Mike</marcx:subfield></marcx:datafield><marcx:datafield tag="700" ind1="0" ind2="0"><marcx:subfield code="a">Gennaro</marcx:subfield><marcx:subfield code="h">Sandy</marcx:subfield></marcx:datafield><marcx:datafield tag="700" ind1="0" ind2="0"><marcx:subfield code="a">Testa</marcx:subfield><marcx:subfield code="h">Joe</marcx:subfield></marcx:datafield><marcx:datafield tag="700" ind1="0" ind2="0"><marcx:subfield code="a">Feldstein</marcx:subfield><marcx:subfield code="h">Sandy</marcx:subfield></marcx:datafield><marcx:datafield tag="996" ind1="0" ind2="0"><marcx:subfield code="a">710100</marcx:subfield></marcx:datafield></marcx:record>