
<marcx:record format="danMARC2" type="Bibliographic" xmlns:marcx="info:lc/xmlns/marcxchange-v1"><marcx:leader>00000n    2200000   4500</marcx:leader><marcx:datafield tag="001" ind1="0" ind2="0"><marcx:subfield code="a">22368389</marcx:subfield><marcx:subfield code="b">191919</marcx:subfield><marcx:subfield code="c">20000514174008</marcx:subfield><marcx:subfield code="d">19990210</marcx:subfield><marcx:subfield code="f">a</marcx:subfield></marcx:datafield><marcx:datafield tag="004" ind1="0" ind2="0"><marcx:subfield code="r">n</marcx:subfield><marcx:subfield code="a">e</marcx:subfield></marcx:datafield><marcx:datafield tag="005" ind1="0" ind2="0"><marcx:subfield code="h">e</marcx:subfield></marcx:datafield><marcx:datafield tag="008" ind1="0" ind2="0"><marcx:subfield code="t">s</marcx:subfield><marcx:subfield code="u">f</marcx:subfield><marcx:subfield code="a">1998</marcx:subfield><marcx:subfield code="b">gb</marcx:subfield><marcx:subfield code="l">ger</marcx:subfield><marcx:subfield code="v">0</marcx:subfield></marcx:datafield><marcx:datafield tag="009" ind1="0" ind2="0"><marcx:subfield code="a">s</marcx:subfield><marcx:subfield code="g">xc</marcx:subfield></marcx:datafield><marcx:datafield tag="021" ind1="0" ind2="0"><marcx:subfield code="d">kr. 147,00</marcx:subfield></marcx:datafield><marcx:datafield tag="032" ind1="0" ind2="0"><marcx:subfield code="x">SFG199908</marcx:subfield><marcx:subfield code="x">DAT200021</marcx:subfield></marcx:datafield><marcx:datafield tag="039" ind1="0" ind2="0"><marcx:subfield code="a">vok</marcx:subfield></marcx:datafield><marcx:datafield tag="100" ind1="0" ind2="0"><marcx:subfield code="a">Eisler</marcx:subfield><marcx:subfield code="h">Hanns</marcx:subfield></marcx:datafield><marcx:datafield tag="239" ind1="0" ind2="0"><marcx:subfield code="t">Hollywooder Liederbuch</marcx:subfield><marcx:subfield code="ø">Goerne</marcx:subfield></marcx:datafield><marcx:datafield tag="245" ind1="0" ind2="0"><marcx:subfield code="a">The ¤Hollywood songbook</marcx:subfield><marcx:subfield code="e">Eisler</marcx:subfield><marcx:subfield code="e">Matthias Goerne, baryton</marcx:subfield><marcx:subfield code="e">Eric Schneider, klaver</marcx:subfield></marcx:datafield><marcx:datafield tag="260" ind1="0" ind2="0"><marcx:subfield code="a">London</marcx:subfield><marcx:subfield code="b">Decca</marcx:subfield><marcx:subfield code="c">p 1998</marcx:subfield></marcx:datafield><marcx:datafield tag="300" ind1="0" ind2="0"><marcx:subfield code="n">1 cd</marcx:subfield><marcx:subfield code="b">digitaloptagelse</marcx:subfield></marcx:datafield><marcx:datafield tag="440" ind1="0" ind2="0"><marcx:subfield code="a">Entartete Musik</marcx:subfield></marcx:datafield><marcx:datafield tag="508" ind1="0" ind2="0"><marcx:subfield code="a">Sunget på tysk</marcx:subfield></marcx:datafield><marcx:datafield tag="512" ind1="0" ind2="0"><marcx:subfield code="a">Indspillet i London 1998</marcx:subfield></marcx:datafield><marcx:datafield tag="512" ind1="0" ind2="0"><marcx:subfield code="a">Tekster af Bertolt Brecht m.fl.</marcx:subfield></marcx:datafield><marcx:datafield tag="512" ind1="0" ind2="0"><marcx:subfield code="a">Tekster på omslag</marcx:subfield></marcx:datafield><marcx:datafield tag="531" ind1="0" ind2="0"><marcx:subfield code="a">Indhold:</marcx:subfield></marcx:datafield><marcx:datafield tag="538" ind1="0" ind2="0"><marcx:subfield code="f">Decca</marcx:subfield><marcx:subfield code="g">460582-2</marcx:subfield></marcx:datafield><marcx:datafield tag="652" ind1="0" ind2="0"><marcx:subfield code="m">78.61</marcx:subfield><marcx:subfield code="v">3</marcx:subfield></marcx:datafield><marcx:datafield tag="666" ind1="0" ind2="0"><marcx:subfield code="0"/><marcx:subfield code="m">neoklassik</marcx:subfield><marcx:subfield code="m">sange</marcx:subfield><marcx:subfield code="n">vokal</marcx:subfield><marcx:subfield code="p">1940-1949</marcx:subfield><marcx:subfield code="l">Tyskland</marcx:subfield></marcx:datafield><marcx:datafield tag="700" ind1="0" ind2="0"><marcx:subfield code="a">Goerne</marcx:subfield><marcx:subfield code="h">Matthias</marcx:subfield></marcx:datafield><marcx:datafield tag="700" ind1="0" ind2="0"><marcx:subfield code="a">Schneider</marcx:subfield><marcx:subfield code="h">Eric</marcx:subfield></marcx:datafield><marcx:datafield tag="700" ind1="0" ind2="0"><marcx:subfield code="a">Brecht</marcx:subfield><marcx:subfield code="h">Bertolt</marcx:subfield></marcx:datafield><marcx:datafield tag="770" ind1="0" ind2="0"><marcx:subfield code="å">11</marcx:subfield><marcx:subfield code="a">Eisler</marcx:subfield><marcx:subfield code="h">Hanns</marcx:subfield></marcx:datafield><marcx:datafield tag="795" ind1="0" ind2="0"><marcx:subfield code="å">40</marcx:subfield><marcx:subfield code="y">0</marcx:subfield><marcx:subfield code="a">5 Elegien</marcx:subfield><marcx:subfield code="a">2 lieder nach Worten von Pascal</marcx:subfield></marcx:datafield><marcx:datafield tag="795" ind1="0" ind2="0"><marcx:subfield code="å">11</marcx:subfield><marcx:subfield code="a">Der ¤Sohn</marcx:subfield><marcx:subfield code="a">An den kleinen Radioapparat</marcx:subfield><marcx:subfield code="a">In den Weiden</marcx:subfield><marcx:subfield code="a">Frühling</marcx:subfield><marcx:subfield code="a">Speisekammer 1942</marcx:subfield><marcx:subfield code="a">Auf der Flucht</marcx:subfield><marcx:subfield code="a">Über den Selbstmord</marcx:subfield><marcx:subfield code="a">Die ¤Flucht</marcx:subfield><marcx:subfield code="a">Gedenktafel für die 4000 Soldaten, die im Krieg gegen Norwegen versenkt wurden</marcx:subfield><marcx:subfield code="a">Epitaph auf einen in der Flandernschlacht Gefallenen</marcx:subfield><marcx:subfield code="a">Spruch</marcx:subfield><marcx:subfield code="a">Ostersonntag</marcx:subfield><marcx:subfield code="a">Der ¤Kirschdieb</marcx:subfield><marcx:subfield code="a">Hotelzimmer 1942</marcx:subfield><marcx:subfield code="a">Die ¤Maske des Bösen</marcx:subfield><marcx:subfield code="a">Zwei Lieder nach Worten von Pascal</marcx:subfield><marcx:subfield code="a">Die ¤letzte Elegie</marcx:subfield><marcx:subfield code="a">Winterspruch</marcx:subfield><marcx:subfield code="a">Fünf Elegien</marcx:subfield><marcx:subfield code="a">Nightmare</marcx:subfield><marcx:subfield code="a">Hollywood-Elegie nr. 7</marcx:subfield><marcx:subfield code="a">Der ¤Schatzgräber</marcx:subfield><marcx:subfield code="a">Panzerschlacht in Frankreich</marcx:subfield><marcx:subfield code="a">L'¤automne Californien</marcx:subfield><marcx:subfield code="a">Anakreon-Fragmente</marcx:subfield><marcx:subfield code="a">Erinnerung an Eichendorff und Schumann</marcx:subfield><marcx:subfield code="a">Hölderlin-Fragmente</marcx:subfield><marcx:subfield code="a">Der ¤Mensch</marcx:subfield><marcx:subfield code="a">Vom Sprengen des Gartens</marcx:subfield><marcx:subfield code="a">Die ¤Heimkehr</marcx:subfield><marcx:subfield code="a">Die ¤Landschaft des Exils</marcx:subfield></marcx:datafield><marcx:datafield tag="990" ind1="0" ind2="0"><marcx:subfield code="a">SFG</marcx:subfield><marcx:subfield code="c">C</marcx:subfield><marcx:subfield code="o">199908</marcx:subfield><marcx:subfield code="t">12.03.99</marcx:subfield></marcx:datafield><marcx:datafield tag="991" ind1="0" ind2="0"><marcx:subfield code="o">\(FonoForum 1999:jan)\</marcx:subfield></marcx:datafield><marcx:datafield tag="996" ind1="0" ind2="0"><marcx:subfield code="a">DBC</marcx:subfield></marcx:datafield></marcx:record>