
<marcx:record format="danMARC2" type="Bibliographic" xmlns:marcx="info:lc/xmlns/marcxchange-v1"><marcx:leader>00000n    2200000   4500</marcx:leader><marcx:datafield tag="001" ind1="0" ind2="0"><marcx:subfield code="a">22446207</marcx:subfield><marcx:subfield code="b">191919</marcx:subfield><marcx:subfield code="c">20150114110907</marcx:subfield><marcx:subfield code="d">19990511</marcx:subfield><marcx:subfield code="f">a</marcx:subfield></marcx:datafield><marcx:datafield tag="004" ind1="0" ind2="0"><marcx:subfield code="r">n</marcx:subfield><marcx:subfield code="a">e</marcx:subfield></marcx:datafield><marcx:datafield tag="008" ind1="0" ind2="0"><marcx:subfield code="t">s</marcx:subfield><marcx:subfield code="u">f</marcx:subfield><marcx:subfield code="a">1999</marcx:subfield><marcx:subfield code="b">dk</marcx:subfield><marcx:subfield code="l">eng</marcx:subfield><marcx:subfield code="v">0</marcx:subfield></marcx:datafield><marcx:datafield tag="009" ind1="0" ind2="0"><marcx:subfield code="a">s</marcx:subfield><marcx:subfield code="g">xc</marcx:subfield></marcx:datafield><marcx:datafield tag="020" ind1="0" ind2="0"><marcx:subfield code="a">dk</marcx:subfield></marcx:datafield><marcx:datafield tag="021" ind1="0" ind2="0"><marcx:subfield code="d">kr. 139,00</marcx:subfield></marcx:datafield><marcx:datafield tag="032" ind1="0" ind2="0"><marcx:subfield code="x">SFG199921</marcx:subfield><marcx:subfield code="a">DMO199921</marcx:subfield><marcx:subfield code="x">DAT201505</marcx:subfield></marcx:datafield><marcx:datafield tag="039" ind1="0" ind2="0"><marcx:subfield code="a">jaz</marcx:subfield></marcx:datafield><marcx:datafield tag="100" ind1="0" ind2="0"><marcx:subfield code="a">Rømer</marcx:subfield><marcx:subfield code="h">Hanne</marcx:subfield></marcx:datafield><marcx:datafield tag="245" ind1="0" ind2="0"><marcx:subfield code="a">Early spring</marcx:subfield><marcx:subfield code="j">Hanne Rømer/Mads Granum Quartet (Hanne Rømer, Mads Granum, Kristian Leth, Morten Ramsbøl)</marcx:subfield><marcx:subfield code="i">Hanne Rømer/Mads Granum Quartet (Hanne Rømer, vocal, soprano- and tenorsaxophone ; Mads Granum, piano ; Kristian Leth, drums ; Morten Ramsbøl, bass)</marcx:subfield><marcx:subfield code="i">engineer: Esben Søndergꜳrd</marcx:subfield><marcx:subfield code="i">produced by Hanne Rømer and Mads Granum</marcx:subfield></marcx:datafield><marcx:datafield tag="260" ind1="0" ind2="0"><marcx:subfield code="a">Ꜳbenrꜳ</marcx:subfield><marcx:subfield code="b">Amanda Music</marcx:subfield><marcx:subfield code="c">p 1999</marcx:subfield></marcx:datafield><marcx:datafield tag="300" ind1="0" ind2="0"><marcx:subfield code="n">1 cd</marcx:subfield></marcx:datafield><marcx:datafield tag="512" ind1="0" ind2="0"><marcx:subfield code="a">Indspillet på Den Rytmiske Højskole, Vig 30.-31. jaunar 1999</marcx:subfield></marcx:datafield><marcx:datafield tag="531" ind1="0" ind2="0"><marcx:subfield code="a">Indhold:</marcx:subfield></marcx:datafield><marcx:datafield tag="538" ind1="0" ind2="0"><marcx:subfield code="f">Amanda Music</marcx:subfield></marcx:datafield><marcx:datafield tag="652" ind1="0" ind2="0"><marcx:subfield code="m">78.793</marcx:subfield><marcx:subfield code="v">8</marcx:subfield></marcx:datafield><marcx:datafield tag="652" ind1="0" ind2="0"><marcx:subfield code="p">78.793</marcx:subfield><marcx:subfield code="v">5</marcx:subfield></marcx:datafield><marcx:datafield tag="666" ind1="0" ind2="0"><marcx:subfield code="0"/><marcx:subfield code="m">jazz</marcx:subfield><marcx:subfield code="n">vokal</marcx:subfield><marcx:subfield code="p">1990-1999</marcx:subfield><marcx:subfield code="l">Danmark</marcx:subfield></marcx:datafield><marcx:datafield tag="700" ind1="0" ind2="0"><marcx:subfield code="a">Granum</marcx:subfield><marcx:subfield code="h">Mads</marcx:subfield></marcx:datafield><marcx:datafield tag="700" ind1="0" ind2="0"><marcx:subfield code="a">Leth</marcx:subfield><marcx:subfield code="h">Kristian</marcx:subfield><marcx:subfield code="c">f. 1973</marcx:subfield></marcx:datafield><marcx:datafield tag="700" ind1="0" ind2="0"><marcx:subfield code="a">Ramsbøl</marcx:subfield><marcx:subfield code="h">Morten</marcx:subfield></marcx:datafield><marcx:datafield tag="795" ind1="0" ind2="0"><marcx:subfield code="å">11</marcx:subfield><marcx:subfield code="a">Pretty eyes</marcx:subfield><marcx:subfield code="i">Horace Silver</marcx:subfield><marcx:subfield code="a">Night and day</marcx:subfield><marcx:subfield code="i">C. Porter</marcx:subfield><marcx:subfield code="i">arr. M. Granum</marcx:subfield><marcx:subfield code="a">Alone again</marcx:subfield><marcx:subfield code="i">M. Granum</marcx:subfield><marcx:subfield code="a">It could happen to you</marcx:subfield><marcx:subfield code="i">Burke, Van Heusen</marcx:subfield><marcx:subfield code="a">Early spring</marcx:subfield><marcx:subfield code="i">H. Rømer</marcx:subfield><marcx:subfield code="a">I fall in love too easily</marcx:subfield><marcx:subfield code="i">Cahn, Styne</marcx:subfield><marcx:subfield code="a">Somebody loves me</marcx:subfield><marcx:subfield code="i">DeSylva &amp; MacDonald, Gershwin</marcx:subfield><marcx:subfield code="i">arr. H. Rømer</marcx:subfield><marcx:subfield code="a">How long has this been going on</marcx:subfield><marcx:subfield code="i">G. Gershwin</marcx:subfield><marcx:subfield code="a">But not for me</marcx:subfield><marcx:subfield code="i">G.&amp; I. Gershwin</marcx:subfield><marcx:subfield code="a">Chrysillis</marcx:subfield><marcx:subfield code="i">Vogtländer</marcx:subfield><marcx:subfield code="i">arr. M. Granum</marcx:subfield></marcx:datafield><marcx:datafield tag="990" ind1="0" ind2="0"><marcx:subfield code="a">SFG</marcx:subfield><marcx:subfield code="c">C</marcx:subfield><marcx:subfield code="o">199921</marcx:subfield><marcx:subfield code="t">11.06.99</marcx:subfield></marcx:datafield><marcx:datafield tag="996" ind1="0" ind2="0"><marcx:subfield code="a">DBC</marcx:subfield></marcx:datafield></marcx:record>