
<marcx:record format="danMARC2" type="Bibliographic" xmlns:marcx="info:lc/xmlns/marcxchange-v1"><marcx:leader>00000n    2200000   4500</marcx:leader><marcx:datafield tag="001" ind1="0" ind2="0"><marcx:subfield code="a">42757470</marcx:subfield><marcx:subfield code="b">191919</marcx:subfield><marcx:subfield code="c">20011130022530</marcx:subfield><marcx:subfield code="d">20011130</marcx:subfield><marcx:subfield code="f">a</marcx:subfield></marcx:datafield><marcx:datafield tag="002" ind1="0" ind2="0"><marcx:subfield code="b">710100</marcx:subfield><marcx:subfield code="c">91257416</marcx:subfield><marcx:subfield code="x">71010091257416</marcx:subfield></marcx:datafield><marcx:datafield tag="004" ind1="0" ind2="0"><marcx:subfield code="r">n</marcx:subfield><marcx:subfield code="a">e</marcx:subfield></marcx:datafield><marcx:datafield tag="008" ind1="0" ind2="0"><marcx:subfield code="t">s</marcx:subfield><marcx:subfield code="u">f</marcx:subfield><marcx:subfield code="a">2000</marcx:subfield><marcx:subfield code="b">de</marcx:subfield><marcx:subfield code="j">j</marcx:subfield><marcx:subfield code="l">ger</marcx:subfield><marcx:subfield code="v">0</marcx:subfield></marcx:datafield><marcx:datafield tag="009" ind1="0" ind2="0"><marcx:subfield code="a">a</marcx:subfield><marcx:subfield code="g">xx</marcx:subfield></marcx:datafield><marcx:datafield tag="021" ind1="0" ind2="0"><marcx:subfield code="a">3-499-22669-3</marcx:subfield><marcx:subfield code="d">DM14,90</marcx:subfield></marcx:datafield><marcx:datafield tag="245" ind1="0" ind2="0"><marcx:subfield code="a">Die ¤Akte Ex</marcx:subfield><marcx:subfield code="c">Abrechnungen mit der Liebe von gestern</marcx:subfield><marcx:subfield code="e">Leander Scholz / Michael Zöllner (HG.)</marcx:subfield></marcx:datafield><marcx:datafield tag="260" ind1="0" ind2="0"><marcx:subfield code="a">Reinbek bei Hamburg</marcx:subfield><marcx:subfield code="b">Rowohlt Taschenbuch</marcx:subfield><marcx:subfield code="c">2000</marcx:subfield></marcx:datafield><marcx:datafield tag="300" ind1="0" ind2="0"><marcx:subfield code="a">283 sider</marcx:subfield></marcx:datafield><marcx:datafield tag="440" ind1="0" ind2="0"><marcx:subfield code="0"/><marcx:subfield code="a">rororo</marcx:subfield><marcx:subfield code="v">1490</marcx:subfield></marcx:datafield><marcx:datafield tag="505" ind1="0" ind2="0"><marcx:subfield code="a">Noveller</marcx:subfield></marcx:datafield><marcx:datafield tag="520" ind1="0" ind2="0"><marcx:subfield code="a">Originaludgave: 2000</marcx:subfield></marcx:datafield><marcx:datafield tag="530" ind1="0" ind2="0"><marcx:subfield code="a">Indhold: Leander Scholz: Nach der Liebe ist vor der Liebe / Leander Scholz, Michael Zöllner. Marcel Beyer: Zur See. Sky Nonhoff: Kochen mit Stella. Christoph Peters: Ein Zurückkommen. Tanja Dückers: Brazil. John von Düffel: Rinne: Eine Telefonerzählung. Thor L. Kunkel: Die Ampel-Theorie. Alexa Henning von Lange: Zimmertausch. Lars Dahms: Geben, Hören, Sagen. Karen Duve: 89/90. Thorsten Krämer: Europa. Arno Geiger: Abdrücken. Alexander Häusser: Liebe Maria. Alex Capus: Intimität</marcx:subfield></marcx:datafield><marcx:datafield tag="530" ind1="0" ind2="0"><marcx:subfield code="a">Ralf Bönt: Namenlose. Zoë Jenny: Der Flug des Kondors. Daniel Goetsch: Liebesfilm. Julia Franck: vom Ei. Simone Meier: Liebesbrot, altbacken. Stefan Beuse: Könige. Kevin Vennemann: Und so war die Sache mit dem Kornfeld. Denis Moschitto: Tanz oder geh. Katrin Askan: Nahe dran. Jeremy Whitehurst: Warum ich mit Stanton schlief. Tobias Thomas: Profane Freundschaft - Eine Coverversion</marcx:subfield></marcx:datafield><marcx:datafield tag="652" ind1="0" ind2="0"><marcx:subfield code="m">84.1</marcx:subfield></marcx:datafield><marcx:datafield tag="700" ind1="0" ind2="0"><marcx:subfield code="a">Scholz</marcx:subfield><marcx:subfield code="h">Leander</marcx:subfield></marcx:datafield><marcx:datafield tag="700" ind1="0" ind2="0"><marcx:subfield code="a">Zöllner</marcx:subfield><marcx:subfield code="h">Michael</marcx:subfield></marcx:datafield><marcx:datafield tag="996" ind1="0" ind2="0"><marcx:subfield code="a">710100</marcx:subfield></marcx:datafield></marcx:record>