
<marcx:record format="danMARC2" type="Bibliographic" xmlns:marcx="info:lc/xmlns/marcxchange-v1"><marcx:leader>00000n    2200000   4500</marcx:leader><marcx:datafield tag="001" ind1="0" ind2="0"><marcx:subfield code="a">22438867</marcx:subfield><marcx:subfield code="b">191919</marcx:subfield><marcx:subfield code="c">20000515002211</marcx:subfield><marcx:subfield code="d">19990505</marcx:subfield><marcx:subfield code="f">a</marcx:subfield></marcx:datafield><marcx:datafield tag="004" ind1="0" ind2="0"><marcx:subfield code="r">n</marcx:subfield><marcx:subfield code="a">e</marcx:subfield></marcx:datafield><marcx:datafield tag="008" ind1="0" ind2="0"><marcx:subfield code="t">s</marcx:subfield><marcx:subfield code="u">f</marcx:subfield><marcx:subfield code="a">1997</marcx:subfield><marcx:subfield code="b">us</marcx:subfield><marcx:subfield code="v">0</marcx:subfield></marcx:datafield><marcx:datafield tag="009" ind1="0" ind2="0"><marcx:subfield code="a">s</marcx:subfield><marcx:subfield code="g">xc</marcx:subfield></marcx:datafield><marcx:datafield tag="021" ind1="0" ind2="0"><marcx:subfield code="d">kr. 147,00</marcx:subfield></marcx:datafield><marcx:datafield tag="032" ind1="0" ind2="0"><marcx:subfield code="x">SFG199920</marcx:subfield><marcx:subfield code="x">DAT200021</marcx:subfield></marcx:datafield><marcx:datafield tag="039" ind1="0" ind2="0"><marcx:subfield code="a">jaz</marcx:subfield></marcx:datafield><marcx:datafield tag="110" ind1="0" ind2="0"><marcx:subfield code="a">The ¤Dizzy Gillespie Alumni All-Stars</marcx:subfield></marcx:datafield><marcx:datafield tag="245" ind1="0" ind2="0"><marcx:subfield code="a">Dizzy's 80th birthday party!</marcx:subfield><marcx:subfield code="e">compositions by Dizzy Gillespie ... [et al.]</marcx:subfield><marcx:subfield code="e">The Dizzy Gillespie Alumni All-Stars (Jon Faddis, Cyrus Chestnut, Antonio Hart, Andres Boiarsky, John Lee, Ignacio Berroa, Duduka da Fonseca, Gabriel Machado)</marcx:subfield></marcx:datafield><marcx:datafield tag="260" ind1="0" ind2="0"><marcx:subfield code="a">[S.l.]</marcx:subfield><marcx:subfield code="b">Shanachie</marcx:subfield><marcx:subfield code="c">p 1997</marcx:subfield></marcx:datafield><marcx:datafield tag="300" ind1="0" ind2="0"><marcx:subfield code="n">1 cd</marcx:subfield></marcx:datafield><marcx:datafield tag="512" ind1="0" ind2="0"><marcx:subfield code="a">Indspillet 1997</marcx:subfield></marcx:datafield><marcx:datafield tag="531" ind1="0" ind2="0"><marcx:subfield code="a">Indhold:</marcx:subfield></marcx:datafield><marcx:datafield tag="538" ind1="0" ind2="0"><marcx:subfield code="f">Shanachie</marcx:subfield><marcx:subfield code="g">5040</marcx:subfield></marcx:datafield><marcx:datafield tag="652" ind1="0" ind2="0"><marcx:subfield code="m">78.793</marcx:subfield><marcx:subfield code="v">5</marcx:subfield></marcx:datafield><marcx:datafield tag="666" ind1="0" ind2="0"><marcx:subfield code="0"/><marcx:subfield code="m">jazz</marcx:subfield><marcx:subfield code="m">bop</marcx:subfield><marcx:subfield code="n">instrumental</marcx:subfield><marcx:subfield code="p">1990-1999</marcx:subfield><marcx:subfield code="l">USA</marcx:subfield></marcx:datafield><marcx:datafield tag="700" ind1="0" ind2="0"><marcx:subfield code="a">Faddis</marcx:subfield><marcx:subfield code="h">Jon</marcx:subfield></marcx:datafield><marcx:datafield tag="700" ind1="0" ind2="0"><marcx:subfield code="a">Chestnut</marcx:subfield><marcx:subfield code="h">Cyrus</marcx:subfield></marcx:datafield><marcx:datafield tag="700" ind1="0" ind2="0"><marcx:subfield code="a">Hart</marcx:subfield><marcx:subfield code="h">Antonio</marcx:subfield></marcx:datafield><marcx:datafield tag="700" ind1="0" ind2="0"><marcx:subfield code="a">Boiarsky</marcx:subfield><marcx:subfield code="h">Andres</marcx:subfield></marcx:datafield><marcx:datafield tag="700" ind1="0" ind2="0"><marcx:subfield code="a">Lee</marcx:subfield><marcx:subfield code="h">John</marcx:subfield></marcx:datafield><marcx:datafield tag="700" ind1="0" ind2="0"><marcx:subfield code="a">Berroa</marcx:subfield><marcx:subfield code="h">Ignacio</marcx:subfield></marcx:datafield><marcx:datafield tag="700" ind1="0" ind2="0"><marcx:subfield code="a">Fonseca</marcx:subfield><marcx:subfield code="h">Duduka da</marcx:subfield></marcx:datafield><marcx:datafield tag="700" ind1="0" ind2="0"><marcx:subfield code="a">Machado</marcx:subfield><marcx:subfield code="h">Gabriel</marcx:subfield></marcx:datafield><marcx:datafield tag="700" ind1="0" ind2="0"><marcx:subfield code="a">Gillespie</marcx:subfield><marcx:subfield code="h">Dizzy</marcx:subfield></marcx:datafield><marcx:datafield tag="795" ind1="0" ind2="0"><marcx:subfield code="å">11</marcx:subfield><marcx:subfield code="a">Salt peanuts</marcx:subfield><marcx:subfield code="a">Fiesta mojo</marcx:subfield><marcx:subfield code="a">Birk's works</marcx:subfield><marcx:subfield code="a">A ¤night in Tunisia</marcx:subfield><marcx:subfield code="a">Brother K</marcx:subfield><marcx:subfield code="a">Poor Joe</marcx:subfield><marcx:subfield code="a">Manteca</marcx:subfield><marcx:subfield code="a">Con alma</marcx:subfield><marcx:subfield code="a">Dizzy atmosphere</marcx:subfield><marcx:subfield code="a">Oop-pop-pa-da</marcx:subfield><marcx:subfield code="a">And then she stopped</marcx:subfield><marcx:subfield code="a">Blues from Gillespiana</marcx:subfield><marcx:subfield code="a">Bebop</marcx:subfield></marcx:datafield><marcx:datafield tag="990" ind1="0" ind2="0"><marcx:subfield code="a">SFG</marcx:subfield><marcx:subfield code="c">C</marcx:subfield><marcx:subfield code="o">199920</marcx:subfield><marcx:subfield code="t">04.06.99</marcx:subfield></marcx:datafield><marcx:datafield tag="996" ind1="0" ind2="0"><marcx:subfield code="a">DBC</marcx:subfield></marcx:datafield></marcx:record>