
<marcx:record format="danMARC2" type="Bibliographic" xmlns:marcx="info:lc/xmlns/marcxchange-v1"><marcx:leader>00000n    2200000   4500</marcx:leader><marcx:datafield tag="001" ind1="0" ind2="0"><marcx:subfield code="a">22441019</marcx:subfield><marcx:subfield code="b">191919</marcx:subfield><marcx:subfield code="c">19990507111406</marcx:subfield><marcx:subfield code="d">19990507</marcx:subfield><marcx:subfield code="f">a</marcx:subfield></marcx:datafield><marcx:datafield tag="004" ind1="0" ind2="0"><marcx:subfield code="r">n</marcx:subfield><marcx:subfield code="a">e</marcx:subfield></marcx:datafield><marcx:datafield tag="008" ind1="0" ind2="0"><marcx:subfield code="t">s</marcx:subfield><marcx:subfield code="u">u</marcx:subfield><marcx:subfield code="a">1990</marcx:subfield><marcx:subfield code="b">ro</marcx:subfield><marcx:subfield code="l">rum</marcx:subfield><marcx:subfield code="v">0</marcx:subfield></marcx:datafield><marcx:datafield tag="009" ind1="0" ind2="0"><marcx:subfield code="a">a</marcx:subfield><marcx:subfield code="g">xx</marcx:subfield></marcx:datafield><marcx:datafield tag="021" ind1="0" ind2="0"><marcx:subfield code="a">973-38-0036-8</marcx:subfield></marcx:datafield><marcx:datafield tag="100" ind1="0" ind2="0"><marcx:subfield code="a">Davidescu</marcx:subfield><marcx:subfield code="h">N.</marcx:subfield></marcx:datafield><marcx:datafield tag="245" ind1="0" ind2="0"><marcx:subfield code="a">Fîntîna cu chipuri</marcx:subfield><marcx:subfield code="e">N. Davidescu</marcx:subfield></marcx:datafield><marcx:datafield tag="260" ind1="0" ind2="0"><marcx:subfield code="a">Craiova</marcx:subfield><marcx:subfield code="b">Scrisul Românesc</marcx:subfield><marcx:subfield code="c">1990</marcx:subfield></marcx:datafield><marcx:datafield tag="300" ind1="0" ind2="0"><marcx:subfield code="a">266 sider</marcx:subfield></marcx:datafield><marcx:datafield tag="504" ind1="0" ind2="0"><marcx:subfield code="a">Noveller, en roman og digte</marcx:subfield></marcx:datafield><marcx:datafield tag="652" ind1="0" ind2="0"><marcx:subfield code="m">82.68</marcx:subfield></marcx:datafield><marcx:datafield tag="996" ind1="0" ind2="0"><marcx:subfield code="a">700300</marcx:subfield></marcx:datafield></marcx:record>