
<marcx:record format="danMARC2" type="Bibliographic" xmlns:marcx="info:lc/xmlns/marcxchange-v1"><marcx:leader>00000n    2200000   4500</marcx:leader><marcx:datafield tag="001" ind1="0" ind2="0"><marcx:subfield code="a">22445588</marcx:subfield><marcx:subfield code="b">191919</marcx:subfield><marcx:subfield code="c">20000515010045</marcx:subfield><marcx:subfield code="d">19990511</marcx:subfield><marcx:subfield code="f">a</marcx:subfield></marcx:datafield><marcx:datafield tag="004" ind1="0" ind2="0"><marcx:subfield code="r">n</marcx:subfield><marcx:subfield code="a">e</marcx:subfield></marcx:datafield><marcx:datafield tag="008" ind1="0" ind2="0"><marcx:subfield code="t">s</marcx:subfield><marcx:subfield code="u">f</marcx:subfield><marcx:subfield code="a">1999</marcx:subfield><marcx:subfield code="b">us</marcx:subfield><marcx:subfield code="l">eng</marcx:subfield><marcx:subfield code="v">0</marcx:subfield></marcx:datafield><marcx:datafield tag="009" ind1="0" ind2="0"><marcx:subfield code="a">s</marcx:subfield><marcx:subfield code="g">xc</marcx:subfield></marcx:datafield><marcx:datafield tag="021" ind1="0" ind2="0"><marcx:subfield code="d">kr. 139,00</marcx:subfield></marcx:datafield><marcx:datafield tag="032" ind1="0" ind2="0"><marcx:subfield code="x">SFG199921</marcx:subfield><marcx:subfield code="x">DAT200021</marcx:subfield></marcx:datafield><marcx:datafield tag="039" ind1="0" ind2="0"><marcx:subfield code="a">bef</marcx:subfield></marcx:datafield><marcx:datafield tag="100" ind1="0" ind2="0"><marcx:subfield code="a">Rogers</marcx:subfield><marcx:subfield code="h">Kenny</marcx:subfield></marcx:datafield><marcx:datafield tag="245" ind1="0" ind2="0"><marcx:subfield code="a">After dark</marcx:subfield><marcx:subfield code="e">Kenny Rogers with Bobby Ogdin, Eddie Bayers, Steve Mandile, Spencer Campbell ... [et al.]</marcx:subfield></marcx:datafield><marcx:datafield tag="260" ind1="0" ind2="0"><marcx:subfield code="a">Nashville</marcx:subfield><marcx:subfield code="b">Dreamcatcher</marcx:subfield><marcx:subfield code="a">[Oslo]</marcx:subfield><marcx:subfield code="b">Norske Gram</marcx:subfield><marcx:subfield code="c">p 1999</marcx:subfield></marcx:datafield><marcx:datafield tag="300" ind1="0" ind2="0"><marcx:subfield code="n">1 cd</marcx:subfield></marcx:datafield><marcx:datafield tag="531" ind1="0" ind2="0"><marcx:subfield code="a">Indhold:</marcx:subfield></marcx:datafield><marcx:datafield tag="538" ind1="0" ind2="0"><marcx:subfield code="f">Dreamcatcher</marcx:subfield><marcx:subfield code="f">Norske Gram</marcx:subfield><marcx:subfield code="g">EKGCD 153</marcx:subfield></marcx:datafield><marcx:datafield tag="652" ind1="0" ind2="0"><marcx:subfield code="m">78.794</marcx:subfield><marcx:subfield code="v">2</marcx:subfield></marcx:datafield><marcx:datafield tag="666" ind1="0" ind2="0"><marcx:subfield code="0"/><marcx:subfield code="m">country</marcx:subfield><marcx:subfield code="m">rhythm &amp; blues</marcx:subfield><marcx:subfield code="n">vokal</marcx:subfield><marcx:subfield code="n">orkester</marcx:subfield><marcx:subfield code="n">strygeorkester</marcx:subfield><marcx:subfield code="p">1990-1999</marcx:subfield><marcx:subfield code="l">USA</marcx:subfield></marcx:datafield><marcx:datafield tag="700" ind1="0" ind2="0"><marcx:subfield code="a">Ogdin</marcx:subfield><marcx:subfield code="h">Bobby</marcx:subfield></marcx:datafield><marcx:datafield tag="700" ind1="0" ind2="0"><marcx:subfield code="a">Bayers</marcx:subfield><marcx:subfield code="h">Eddie</marcx:subfield></marcx:datafield><marcx:datafield tag="700" ind1="0" ind2="0"><marcx:subfield code="a">Mandile</marcx:subfield><marcx:subfield code="h">Steve</marcx:subfield></marcx:datafield><marcx:datafield tag="700" ind1="0" ind2="0"><marcx:subfield code="a">Campbell</marcx:subfield><marcx:subfield code="h">Spencer</marcx:subfield></marcx:datafield><marcx:datafield tag="700" ind1="0" ind2="0"><marcx:subfield code="a">Dean</marcx:subfield><marcx:subfield code="h">Billy</marcx:subfield></marcx:datafield><marcx:datafield tag="700" ind1="0" ind2="0"><marcx:subfield code="a">Krauss</marcx:subfield><marcx:subfield code="h">Alison</marcx:subfield></marcx:datafield><marcx:datafield tag="700" ind1="0" ind2="0"><marcx:subfield code="a">Carnes</marcx:subfield><marcx:subfield code="h">Kim</marcx:subfield></marcx:datafield><marcx:datafield tag="795" ind1="0" ind2="0"><marcx:subfield code="å">11</marcx:subfield><marcx:subfield code="a">Ain't no sunshine</marcx:subfield><marcx:subfield code="a">The ¤kind of fool love makes</marcx:subfield><marcx:subfield code="a">Let it be me</marcx:subfield><marcx:subfield code="a">You don't know</marcx:subfield><marcx:subfield code="a">How sweet it is (to be loved by you)</marcx:subfield><marcx:subfield code="a">I will remember you</marcx:subfield><marcx:subfield code="a">Buy me a rose</marcx:subfield><marcx:subfield code="e">guest vocals: Billy Dean, Alison Krauss</marcx:subfield><marcx:subfield code="a">Three times a lady</marcx:subfield><marcx:subfield code="a">Share your love with me</marcx:subfield><marcx:subfield code="a">I can't make you love me</marcx:subfield><marcx:subfield code="a">I don't need you</marcx:subfield><marcx:subfield code="a">This masquerade</marcx:subfield><marcx:subfield code="a">Since I fell for you</marcx:subfield><marcx:subfield code="a">Don't fall in love with a dreamer</marcx:subfield><marcx:subfield code="e">guest vocals: Kim Carnes</marcx:subfield><marcx:subfield code="a">Loving arms</marcx:subfield><marcx:subfield code="a">Love don't live here anymore</marcx:subfield><marcx:subfield code="a">You looked so beautiful</marcx:subfield><marcx:subfield code="a">Small dark cloud</marcx:subfield></marcx:datafield><marcx:datafield tag="990" ind1="0" ind2="0"><marcx:subfield code="a">SFG</marcx:subfield><marcx:subfield code="c">C</marcx:subfield><marcx:subfield code="o">199921</marcx:subfield><marcx:subfield code="t">11.06.99</marcx:subfield></marcx:datafield><marcx:datafield tag="996" ind1="0" ind2="0"><marcx:subfield code="a">DBC</marcx:subfield></marcx:datafield></marcx:record>