
<marcx:record format="danMARC2" type="Bibliographic" xmlns:marcx="info:lc/xmlns/marcxchange-v1"><marcx:leader>00000n    2200000   4500</marcx:leader><marcx:datafield tag="001" ind1="0" ind2="0"><marcx:subfield code="a">22441485</marcx:subfield><marcx:subfield code="b">191919</marcx:subfield><marcx:subfield code="c">20150411130000</marcx:subfield><marcx:subfield code="d">19990507</marcx:subfield><marcx:subfield code="f">a</marcx:subfield></marcx:datafield><marcx:datafield tag="004" ind1="0" ind2="0"><marcx:subfield code="r">n</marcx:subfield><marcx:subfield code="a">e</marcx:subfield></marcx:datafield><marcx:datafield tag="008" ind1="0" ind2="0"><marcx:subfield code="t">m</marcx:subfield><marcx:subfield code="u">f</marcx:subfield><marcx:subfield code="a">1999</marcx:subfield><marcx:subfield code="b">dk</marcx:subfield><marcx:subfield code="l">dan</marcx:subfield><marcx:subfield code="v">0</marcx:subfield></marcx:datafield><marcx:datafield tag="009" ind1="0" ind2="0"><marcx:subfield code="a">m</marcx:subfield><marcx:subfield code="g">nh</marcx:subfield></marcx:datafield><marcx:datafield tag="021" ind1="0" ind2="0"><marcx:subfield code="n">09873818</marcx:subfield><marcx:subfield code="d">kr. 668,75</marcx:subfield><marcx:subfield code="b">brugsretskategori: D</marcx:subfield></marcx:datafield><marcx:datafield tag="032" ind1="0" ind2="0"><marcx:subfield code="a">DBI199926</marcx:subfield></marcx:datafield><marcx:datafield tag="245" ind1="0" ind2="0"><marcx:subfield code="a">Rav - Vesterhavets guld</marcx:subfield><marcx:subfield code="e">producer Claus Christensen</marcx:subfield></marcx:datafield><marcx:datafield tag="260" ind1="0" ind2="0"><marcx:subfield code="a">[Næstved]</marcx:subfield><marcx:subfield code="b">Fauna Film</marcx:subfield><marcx:subfield code="f">[Ballerup]</marcx:subfield><marcx:subfield code="g">distribution: DBC medier</marcx:subfield><marcx:subfield code="c">[1999]</marcx:subfield></marcx:datafield><marcx:datafield tag="300" ind1="0" ind2="0"><marcx:subfield code="n">1 kassette</marcx:subfield><marcx:subfield code="e">VHS</marcx:subfield><marcx:subfield code="l">34 min.</marcx:subfield></marcx:datafield><marcx:datafield tag="652" ind1="0" ind2="0"><marcx:subfield code="m">55.2</marcx:subfield></marcx:datafield><marcx:datafield tag="700" ind1="0" ind2="0"><marcx:subfield code="0"/><marcx:subfield code="a">Christensen</marcx:subfield><marcx:subfield code="h">Claus</marcx:subfield><marcx:subfield code="c">f. 1944-04-08</marcx:subfield></marcx:datafield><marcx:datafield tag="996" ind1="0" ind2="0"><marcx:subfield code="a">DBC</marcx:subfield></marcx:datafield></marcx:record>