
<marcx:record format="danMARC2" type="Bibliographic" xmlns:marcx="info:lc/xmlns/marcxchange-v1"><marcx:leader>00000c    2200000   4500</marcx:leader><marcx:datafield tag="001" ind1="0" ind2="0"><marcx:subfield code="a">41969741</marcx:subfield><marcx:subfield code="b">191919</marcx:subfield><marcx:subfield code="c">20070307010520</marcx:subfield><marcx:subfield code="d">19990507</marcx:subfield><marcx:subfield code="f">a</marcx:subfield></marcx:datafield><marcx:datafield tag="002" ind1="0" ind2="0"><marcx:subfield code="b">765700</marcx:subfield><marcx:subfield code="c">91260697</marcx:subfield><marcx:subfield code="x">76570091260697</marcx:subfield></marcx:datafield><marcx:datafield tag="002" ind1="0" ind2="0"><marcx:subfield code="b">810010</marcx:subfield><marcx:subfield code="d">13990659</marcx:subfield><marcx:subfield code="x">81001013990659</marcx:subfield></marcx:datafield><marcx:datafield tag="004" ind1="0" ind2="0"><marcx:subfield code="r">c</marcx:subfield><marcx:subfield code="a">e</marcx:subfield></marcx:datafield><marcx:datafield tag="008" ind1="0" ind2="0"><marcx:subfield code="t">p</marcx:subfield><marcx:subfield code="u">d</marcx:subfield><marcx:subfield code="a">1999</marcx:subfield><marcx:subfield code="z">2006</marcx:subfield><marcx:subfield code="b">dk</marcx:subfield><marcx:subfield code="c">k</marcx:subfield><marcx:subfield code="h">p</marcx:subfield><marcx:subfield code="i">b</marcx:subfield><marcx:subfield code="l">dan</marcx:subfield><marcx:subfield code="v">0</marcx:subfield></marcx:datafield><marcx:datafield tag="009" ind1="0" ind2="0"><marcx:subfield code="a">a</marcx:subfield><marcx:subfield code="g">xx</marcx:subfield></marcx:datafield><marcx:datafield tag="022" ind1="0" ind2="0"><marcx:subfield code="a">1399-0659</marcx:subfield><marcx:subfield code="c">hf.</marcx:subfield></marcx:datafield><marcx:datafield tag="032" ind1="0" ind2="0"><marcx:subfield code="a">DPF199949</marcx:subfield><marcx:subfield code="a">DPF200008</marcx:subfield><marcx:subfield code="x">DAT200611</marcx:subfield><marcx:subfield code="a">DPF200710</marcx:subfield></marcx:datafield><marcx:datafield tag="082" ind1="0" ind2="0"><marcx:subfield code="a">349.489</marcx:subfield></marcx:datafield><marcx:datafield tag="082" ind1="0" ind2="0"><marcx:subfield code="a">361.948 9</marcx:subfield></marcx:datafield><marcx:datafield tag="082" ind1="0" ind2="0"><marcx:subfield code="a">349.489</marcx:subfield></marcx:datafield><marcx:datafield tag="222" ind1="0" ind2="0"><marcx:subfield code="a">Sociale forhold, sundhed og retsvæsen</marcx:subfield><marcx:subfield code="b">Papirform</marcx:subfield></marcx:datafield><marcx:datafield tag="245" ind1="0" ind2="0"><marcx:subfield code="a">Sociale forhold, sundhed og retsvæsen</marcx:subfield></marcx:datafield><marcx:datafield tag="255" ind1="0" ind2="0"><marcx:subfield code="a">1, 12. januar 1999-21, 19. december 2006</marcx:subfield></marcx:datafield><marcx:datafield tag="260" ind1="0" ind2="0"><marcx:subfield code="a">Kbh.</marcx:subfield><marcx:subfield code="b">Danmarks Statistik</marcx:subfield><marcx:subfield code="c">1999-2006</marcx:subfield></marcx:datafield><marcx:datafield tag="440" ind1="0" ind2="0"><marcx:subfield code="a">Statistiske efterretninger</marcx:subfield></marcx:datafield><marcx:datafield tag="500" ind1="0" ind2="0"><marcx:subfield code="a">Uregelmæssig</marcx:subfield></marcx:datafield><marcx:datafield tag="505" ind1="0" ind2="0"><marcx:subfield code="&amp;">1</marcx:subfield><marcx:subfield code="a">Tidsskrift</marcx:subfield></marcx:datafield><marcx:datafield tag="526" ind1="0" ind2="0"><marcx:subfield code="i">Fortsættelse af</marcx:subfield><marcx:subfield code="t">Social sikring og retsvæsen</marcx:subfield></marcx:datafield><marcx:datafield tag="526" ind1="0" ind2="0"><marcx:subfield code="i">Også på internettet</marcx:subfield><marcx:subfield code="t">Sociale forhold, sundhed og retsvæsen</marcx:subfield></marcx:datafield><marcx:datafield tag="652" ind1="0" ind2="0"><marcx:subfield code="m">34</marcx:subfield></marcx:datafield><marcx:datafield tag="652" ind1="0" ind2="0"><marcx:subfield code="p">38</marcx:subfield></marcx:datafield><marcx:datafield tag="710" ind1="0" ind2="0"><marcx:subfield code="c">Danmarks Statistik</marcx:subfield></marcx:datafield><marcx:datafield tag="996" ind1="0" ind2="0"><marcx:subfield code="a">DBC</marcx:subfield></marcx:datafield></marcx:record>