
<marcx:record format="danMARC2" type="Bibliographic" xmlns:marcx="info:lc/xmlns/marcxchange-v1"><marcx:leader>00000n    2200000   4500</marcx:leader><marcx:datafield tag="001" ind1="0" ind2="0"><marcx:subfield code="a">22439227</marcx:subfield><marcx:subfield code="b">191919</marcx:subfield><marcx:subfield code="c">20150411130000</marcx:subfield><marcx:subfield code="d">19990505</marcx:subfield><marcx:subfield code="f">a</marcx:subfield></marcx:datafield><marcx:datafield tag="004" ind1="0" ind2="0"><marcx:subfield code="r">n</marcx:subfield><marcx:subfield code="a">e</marcx:subfield></marcx:datafield><marcx:datafield tag="008" ind1="0" ind2="0"><marcx:subfield code="t">m</marcx:subfield><marcx:subfield code="u">f</marcx:subfield><marcx:subfield code="a">1999</marcx:subfield><marcx:subfield code="b">dk</marcx:subfield><marcx:subfield code="l">dan</marcx:subfield><marcx:subfield code="v">0</marcx:subfield></marcx:datafield><marcx:datafield tag="009" ind1="0" ind2="0"><marcx:subfield code="a">m</marcx:subfield><marcx:subfield code="g">nh</marcx:subfield><marcx:subfield code="b">a</marcx:subfield><marcx:subfield code="h">xx</marcx:subfield></marcx:datafield><marcx:datafield tag="021" ind1="0" ind2="0"><marcx:subfield code="a">87-7702-268-8</marcx:subfield><marcx:subfield code="n">376</marcx:subfield><marcx:subfield code="d">kr. 368,75</marcx:subfield><marcx:subfield code="b">benyttelse: 3,4</marcx:subfield></marcx:datafield><marcx:datafield tag="032" ind1="0" ind2="0"><marcx:subfield code="a">DBI199922</marcx:subfield><marcx:subfield code="x">SKO200001</marcx:subfield><marcx:subfield code="x">SFA199922</marcx:subfield></marcx:datafield><marcx:datafield tag="044" ind1="0" ind2="0"><marcx:subfield code="a">F</marcx:subfield><marcx:subfield code="b">03c</marcx:subfield><marcx:subfield code="b">23d</marcx:subfield><marcx:subfield code="b">65x</marcx:subfield></marcx:datafield><marcx:datafield tag="245" ind1="0" ind2="0"><marcx:subfield code="a">Vadehavets natur</marcx:subfield><marcx:subfield code="c">en film</marcx:subfield><marcx:subfield code="e">af John Sandberg, Jan Petersen</marcx:subfield></marcx:datafield><marcx:datafield tag="260" ind1="0" ind2="0"><marcx:subfield code="a">[S.l.]</marcx:subfield><marcx:subfield code="b">Fauna Film</marcx:subfield><marcx:subfield code="a">Brenderup</marcx:subfield><marcx:subfield code="b">Geografforlaget</marcx:subfield><marcx:subfield code="g">ekspedition Geografforlaget</marcx:subfield><marcx:subfield code="c">1999</marcx:subfield></marcx:datafield><marcx:datafield tag="300" ind1="0" ind2="0"><marcx:subfield code="n">1 kassette</marcx:subfield><marcx:subfield code="e">VHS</marcx:subfield><marcx:subfield code="l">20 min.</marcx:subfield><marcx:subfield code="d">1 lærervejledning</marcx:subfield></marcx:datafield><marcx:datafield tag="440" ind1="0" ind2="0"><marcx:subfield code="0"/><marcx:subfield code="a">GO dansk naturfilm</marcx:subfield></marcx:datafield><marcx:datafield tag="504" ind1="0" ind2="0"><marcx:subfield code="&amp;">1</marcx:subfield><marcx:subfield code="a">Om dyrelivet på og i vaderne og dyrenes evne til at tilpasse sig tidevandets skiftende livsbetingelser</marcx:subfield></marcx:datafield><marcx:datafield tag="512" ind1="0" ind2="0"><marcx:subfield code="i">Lærervejledning: Af</marcx:subfield><marcx:subfield code="e">Frank Jensen</marcx:subfield></marcx:datafield><marcx:datafield tag="652" ind1="0" ind2="0"><marcx:subfield code="m">56.156</marcx:subfield></marcx:datafield><marcx:datafield tag="700" ind1="0" ind2="0"><marcx:subfield code="0"/><marcx:subfield code="a">Petersen</marcx:subfield><marcx:subfield code="h">Jan</marcx:subfield><marcx:subfield code="c">f. 1961</marcx:subfield></marcx:datafield><marcx:datafield tag="700" ind1="0" ind2="0"><marcx:subfield code="0"/><marcx:subfield code="a">Sandberg</marcx:subfield><marcx:subfield code="h">John</marcx:subfield></marcx:datafield><marcx:datafield tag="990" ind1="0" ind2="0"><marcx:subfield code="a">SFA</marcx:subfield><marcx:subfield code="b">S</marcx:subfield><marcx:subfield code="b">B</marcx:subfield><marcx:subfield code="m">Av-beskrivelse udsendes: 199923.</marcx:subfield><marcx:subfield code="o">199922</marcx:subfield></marcx:datafield><marcx:datafield tag="991" ind1="0" ind2="0"><marcx:subfield code="o">Lærervejledning fås også separat, kr. 37,50</marcx:subfield></marcx:datafield><marcx:datafield tag="996" ind1="0" ind2="0"><marcx:subfield code="a">DBC</marcx:subfield></marcx:datafield></marcx:record>