
<marcx:record format="danMARC2" type="Bibliographic" xmlns:marcx="info:lc/xmlns/marcxchange-v1"><marcx:leader>00000n    2200000   4500</marcx:leader><marcx:datafield tag="001" ind1="0" ind2="0"><marcx:subfield code="a">41973501</marcx:subfield><marcx:subfield code="b">191919</marcx:subfield><marcx:subfield code="c">19990510195331</marcx:subfield><marcx:subfield code="d">19990510</marcx:subfield><marcx:subfield code="f">a</marcx:subfield></marcx:datafield><marcx:datafield tag="002" ind1="0" ind2="0"><marcx:subfield code="b">714700</marcx:subfield><marcx:subfield code="c">90540254</marcx:subfield><marcx:subfield code="x">71470090540254</marcx:subfield></marcx:datafield><marcx:datafield tag="004" ind1="0" ind2="0"><marcx:subfield code="r">n</marcx:subfield><marcx:subfield code="a">e</marcx:subfield></marcx:datafield><marcx:datafield tag="008" ind1="0" ind2="0"><marcx:subfield code="t">s</marcx:subfield><marcx:subfield code="v">0</marcx:subfield></marcx:datafield><marcx:datafield tag="009" ind1="0" ind2="0"><marcx:subfield code="a">s</marcx:subfield><marcx:subfield code="g">xk</marcx:subfield></marcx:datafield><marcx:datafield tag="021" ind1="0" ind2="0"><marcx:subfield code="d">kr. 25.00</marcx:subfield></marcx:datafield><marcx:datafield tag="039" ind1="0" ind2="0"><marcx:subfield code="a">opr</marcx:subfield></marcx:datafield><marcx:datafield tag="100" ind1="0" ind2="0"><marcx:subfield code="a">Wagner</marcx:subfield><marcx:subfield code="h">Richard</marcx:subfield></marcx:datafield><marcx:datafield tag="245" ind1="0" ind2="0"><marcx:subfield code="a">Lauritz Melchior singt Wagner</marcx:subfield><marcx:subfield code="e">Lauritz Melchior, tenor</marcx:subfield><marcx:subfield code="e">orkester</marcx:subfield></marcx:datafield><marcx:datafield tag="260" ind1="0" ind2="0"><marcx:subfield code="b">Heliodor</marcx:subfield></marcx:datafield><marcx:datafield tag="300" ind1="0" ind2="0"><marcx:subfield code="n">1 grammofonplade</marcx:subfield><marcx:subfield code="b">Mono</marcx:subfield><marcx:subfield code="c">30 cm</marcx:subfield></marcx:datafield><marcx:datafield tag="440" ind1="0" ind2="0"><marcx:subfield code="0"/><marcx:subfield code="a">Berlin damals</marcx:subfield><marcx:subfield code="V">3</marcx:subfield><marcx:subfield code="v">III</marcx:subfield></marcx:datafield><marcx:datafield tag="440" ind1="0" ind2="0"><marcx:subfield code="a">Historisch</marcx:subfield></marcx:datafield><marcx:datafield tag="512" ind1="0" ind2="0"><marcx:subfield code="a">Indspillet 1923-1924</marcx:subfield></marcx:datafield><marcx:datafield tag="531" ind1="0" ind2="0"><marcx:subfield code="a">Indhold:</marcx:subfield></marcx:datafield><marcx:datafield tag="538" ind1="0" ind2="0"><marcx:subfield code="f">Heliodor</marcx:subfield><marcx:subfield code="g">2548749</marcx:subfield></marcx:datafield><marcx:datafield tag="652" ind1="0" ind2="0"><marcx:subfield code="m">78.81</marcx:subfield><marcx:subfield code="v">2</marcx:subfield></marcx:datafield><marcx:datafield tag="652" ind1="0" ind2="0"><marcx:subfield code="å">11</marcx:subfield><marcx:subfield code="i">78.81</marcx:subfield><marcx:subfield code="v">2</marcx:subfield><marcx:subfield code="i">78.81</marcx:subfield><marcx:subfield code="v">2</marcx:subfield><marcx:subfield code="i">78.81</marcx:subfield><marcx:subfield code="v">2</marcx:subfield><marcx:subfield code="i">78.61</marcx:subfield><marcx:subfield code="v">4</marcx:subfield><marcx:subfield code="i">78.81</marcx:subfield><marcx:subfield code="v">2</marcx:subfield><marcx:subfield code="i">78.81</marcx:subfield><marcx:subfield code="v">2</marcx:subfield></marcx:datafield><marcx:datafield tag="666" ind1="0" ind2="0"><marcx:subfield code="m">romantik</marcx:subfield><marcx:subfield code="m">operaarie</marcx:subfield><marcx:subfield code="m">sange</marcx:subfield><marcx:subfield code="m">lied</marcx:subfield><marcx:subfield code="n">vokal</marcx:subfield><marcx:subfield code="p">1840-1849</marcx:subfield><marcx:subfield code="p">1850-1859</marcx:subfield><marcx:subfield code="p">1860-1869</marcx:subfield><marcx:subfield code="p">1870-1879</marcx:subfield><marcx:subfield code="l">Tyskland</marcx:subfield></marcx:datafield><marcx:datafield tag="700" ind1="0" ind2="0"><marcx:subfield code="a">Leider</marcx:subfield><marcx:subfield code="h">Frida</marcx:subfield></marcx:datafield><marcx:datafield tag="770" ind1="0" ind2="0"><marcx:subfield code="å">11</marcx:subfield><marcx:subfield code="a">Wagner</marcx:subfield><marcx:subfield code="h">Richard</marcx:subfield></marcx:datafield><marcx:datafield tag="795" ind1="0" ind2="0"><marcx:subfield code="å">11</marcx:subfield><marcx:subfield code="a">Rienzi (Allmächt'ger Vater, blick herab)</marcx:subfield><marcx:subfield code="a">Mestersangerne i Nürnberg (Morgenlich leuchtend)</marcx:subfield><marcx:subfield code="a">Tannhäuser (Inbrunst im Herzen)</marcx:subfield><marcx:subfield code="a">Sange til digte af Mathilde Wesendonk (Schmerzen ; Träume)</marcx:subfield><marcx:subfield code="c">Wesendonk-sange</marcx:subfield><marcx:subfield code="a">Valkyrien (Friedmund darf ich nicht heissen ; Ein Schwert verhiess mir der Vater ; Du bist der Lenz ... O süsseste Wonne ... Siegmund heiss ich)</marcx:subfield><marcx:subfield code="e">Frida Leider, sopran</marcx:subfield><marcx:subfield code="a">Siegfried (Notung! Notung! Neidliches Schwert ; Ho-ho! Schmiede, mein Hammer, ein hartes Schwert)</marcx:subfield></marcx:datafield><marcx:datafield tag="795" ind1="0" ind2="0"><marcx:subfield code="å">40</marcx:subfield><marcx:subfield code="y">0</marcx:subfield><marcx:subfield code="a">Allmächt'ger Vater, blick herab</marcx:subfield><marcx:subfield code="a">Morgenlich leuchtend</marcx:subfield><marcx:subfield code="a">Inbrunst im Herzen</marcx:subfield><marcx:subfield code="a">Schmerzen</marcx:subfield><marcx:subfield code="a">Träume</marcx:subfield><marcx:subfield code="a">Wesendonk-sange</marcx:subfield><marcx:subfield code="a">Friedmund darf ich nicht heissen</marcx:subfield><marcx:subfield code="a">Ein ¤Schwert verhiess mir der Vater</marcx:subfield><marcx:subfield code="a">Du bist der Lenz</marcx:subfield><marcx:subfield code="a">O süsseste Wonne</marcx:subfield><marcx:subfield code="a">Siegmund heiss ich</marcx:subfield><marcx:subfield code="a">Notung! Notung! Neidliches Schwert</marcx:subfield><marcx:subfield code="a">Ho-ho! Schmiede, mein Hammer, ein hartes Schwert</marcx:subfield></marcx:datafield><marcx:datafield tag="996" ind1="0" ind2="0"><marcx:subfield code="a">714700</marcx:subfield></marcx:datafield></marcx:record>