
<marcx:record format="danMARC2" type="Bibliographic" xmlns:marcx="info:lc/xmlns/marcxchange-v1"><marcx:leader>00000n    2200000   4500</marcx:leader><marcx:datafield tag="001" ind1="0" ind2="0"><marcx:subfield code="a">41972483</marcx:subfield><marcx:subfield code="b">191919</marcx:subfield><marcx:subfield code="c">19990510193815</marcx:subfield><marcx:subfield code="d">19990510</marcx:subfield><marcx:subfield code="f">a</marcx:subfield></marcx:datafield><marcx:datafield tag="002" ind1="0" ind2="0"><marcx:subfield code="b">714700</marcx:subfield><marcx:subfield code="c">90494899</marcx:subfield><marcx:subfield code="x">71470090494899</marcx:subfield></marcx:datafield><marcx:datafield tag="004" ind1="0" ind2="0"><marcx:subfield code="r">n</marcx:subfield><marcx:subfield code="a">e</marcx:subfield></marcx:datafield><marcx:datafield tag="008" ind1="0" ind2="0"><marcx:subfield code="t">m</marcx:subfield><marcx:subfield code="u">u</marcx:subfield><marcx:subfield code="a">1997</marcx:subfield><marcx:subfield code="b">gb</marcx:subfield><marcx:subfield code="l">eng</marcx:subfield><marcx:subfield code="v">0</marcx:subfield></marcx:datafield><marcx:datafield tag="009" ind1="0" ind2="0"><marcx:subfield code="a">a</marcx:subfield><marcx:subfield code="g">xx</marcx:subfield></marcx:datafield><marcx:datafield tag="021" ind1="0" ind2="0"><marcx:subfield code="a">0-575-40005-6</marcx:subfield></marcx:datafield><marcx:datafield tag="100" ind1="0" ind2="0"><marcx:subfield code="a">Wilson</marcx:subfield><marcx:subfield code="h">Colin</marcx:subfield><marcx:subfield code="c">f. 1931</marcx:subfield></marcx:datafield><marcx:datafield tag="245" ind1="0" ind2="0"><marcx:subfield code="a">The ¤outsider</marcx:subfield><marcx:subfield code="e">Colin Wilson</marcx:subfield></marcx:datafield><marcx:datafield tag="260" ind1="0" ind2="0"><marcx:subfield code="a">London</marcx:subfield><marcx:subfield code="b">Indigo</marcx:subfield><marcx:subfield code="c">1997</marcx:subfield></marcx:datafield><marcx:datafield tag="300" ind1="0" ind2="0"><marcx:subfield code="a">302 sider</marcx:subfield></marcx:datafield><marcx:datafield tag="504" ind1="0" ind2="0"><marcx:subfield code="a">Individet på den forkerte hylde søger at hævde sig gennem overkreativitet</marcx:subfield></marcx:datafield><marcx:datafield tag="532" ind1="0" ind2="0"><marcx:subfield code="a">Litteraturhenvisninger</marcx:subfield></marcx:datafield><marcx:datafield tag="652" ind1="0" ind2="0"><marcx:subfield code="m">30.13</marcx:subfield></marcx:datafield><marcx:datafield tag="652" ind1="0" ind2="0"><marcx:subfield code="p">81.08</marcx:subfield></marcx:datafield><marcx:datafield tag="996" ind1="0" ind2="0"><marcx:subfield code="a">714700</marcx:subfield></marcx:datafield></marcx:record>