
<marcx:record format="danMARC2" type="Bibliographic" xmlns:marcx="info:lc/xmlns/marcxchange-v1"><marcx:leader>00000n    2200000   4500</marcx:leader><marcx:datafield tag="001" ind1="0" ind2="0"><marcx:subfield code="a">22438255</marcx:subfield><marcx:subfield code="b">191919</marcx:subfield><marcx:subfield code="c">20060531014207</marcx:subfield><marcx:subfield code="d">19990505</marcx:subfield><marcx:subfield code="f">a</marcx:subfield></marcx:datafield><marcx:datafield tag="004" ind1="0" ind2="0"><marcx:subfield code="r">n</marcx:subfield><marcx:subfield code="a">e</marcx:subfield></marcx:datafield><marcx:datafield tag="005" ind1="0" ind2="0"><marcx:subfield code="h">e</marcx:subfield></marcx:datafield><marcx:datafield tag="008" ind1="0" ind2="0"><marcx:subfield code="t">s</marcx:subfield><marcx:subfield code="u">f</marcx:subfield><marcx:subfield code="a">1999</marcx:subfield><marcx:subfield code="b">de</marcx:subfield><marcx:subfield code="l">ger</marcx:subfield><marcx:subfield code="v">0</marcx:subfield></marcx:datafield><marcx:datafield tag="009" ind1="0" ind2="0"><marcx:subfield code="a">s</marcx:subfield><marcx:subfield code="g">xc</marcx:subfield></marcx:datafield><marcx:datafield tag="021" ind1="0" ind2="0"><marcx:subfield code="d">kr. 147,00</marcx:subfield></marcx:datafield><marcx:datafield tag="032" ind1="0" ind2="0"><marcx:subfield code="x">SFG199920</marcx:subfield><marcx:subfield code="x">DAT200622</marcx:subfield></marcx:datafield><marcx:datafield tag="039" ind1="0" ind2="0"><marcx:subfield code="a">vok</marcx:subfield></marcx:datafield><marcx:datafield tag="100" ind1="0" ind2="0"><marcx:subfield code="a">Telemann</marcx:subfield><marcx:subfield code="h">Georg Philipp</marcx:subfield></marcx:datafield><marcx:datafield tag="239" ind1="0" ind2="0"><marcx:subfield code="t">Kantate, TVWV 1:212</marcx:subfield><marcx:subfield code="u">Deines neuen Bundes Gnade</marcx:subfield><marcx:subfield code="ø">Frimmer</marcx:subfield></marcx:datafield><marcx:datafield tag="245" ind1="0" ind2="0"><marcx:subfield code="a">Harmonischer Gottesdienst</marcx:subfield><marcx:subfield code="u">Kantaten zum Kirchenjahr nach Trinitatis</marcx:subfield><marcx:subfield code="e">[Georg Philipp Telemann]</marcx:subfield></marcx:datafield><marcx:datafield tag="260" ind1="0" ind2="0"><marcx:subfield code="a">Frechen</marcx:subfield><marcx:subfield code="b">Capriccio</marcx:subfield><marcx:subfield code="c">p 1999</marcx:subfield></marcx:datafield><marcx:datafield tag="300" ind1="0" ind2="0"><marcx:subfield code="n">1 cd</marcx:subfield><marcx:subfield code="b">digitaloptagelse</marcx:subfield></marcx:datafield><marcx:datafield tag="512" ind1="0" ind2="0"><marcx:subfield code="a">Indspillet i St. Ottilien, Möschenfeld, Tyskland 1995-1996</marcx:subfield></marcx:datafield><marcx:datafield tag="512" ind1="0" ind2="0"><marcx:subfield code="a">Tekster på omslag</marcx:subfield></marcx:datafield><marcx:datafield tag="526" ind1="0" ind2="0"><marcx:subfield code="a">Af: Harmonischer Gottes-Dienst</marcx:subfield></marcx:datafield><marcx:datafield tag="531" ind1="0" ind2="0"><marcx:subfield code="a">Indhold:</marcx:subfield></marcx:datafield><marcx:datafield tag="538" ind1="0" ind2="0"><marcx:subfield code="f">Capriccio</marcx:subfield><marcx:subfield code="g">10797</marcx:subfield></marcx:datafield><marcx:datafield tag="652" ind1="0" ind2="0"><marcx:subfield code="m">78.61</marcx:subfield><marcx:subfield code="v">3</marcx:subfield></marcx:datafield><marcx:datafield tag="652" ind1="0" ind2="0"><marcx:subfield code="å">11</marcx:subfield><marcx:subfield code="i">78.61</marcx:subfield><marcx:subfield code="v">3</marcx:subfield><marcx:subfield code="i">78.61</marcx:subfield><marcx:subfield code="v">3</marcx:subfield><marcx:subfield code="i">78.61</marcx:subfield><marcx:subfield code="v">3</marcx:subfield><marcx:subfield code="i">78.61</marcx:subfield><marcx:subfield code="v">3</marcx:subfield><marcx:subfield code="i">78.61</marcx:subfield><marcx:subfield code="v">3</marcx:subfield><marcx:subfield code="i">78.61</marcx:subfield><marcx:subfield code="v">3</marcx:subfield><marcx:subfield code="i">78.61</marcx:subfield><marcx:subfield code="v">3</marcx:subfield></marcx:datafield><marcx:datafield tag="666" ind1="0" ind2="0"><marcx:subfield code="0"/><marcx:subfield code="o">originalinstrumenter</marcx:subfield></marcx:datafield><marcx:datafield tag="666" ind1="0" ind2="0"><marcx:subfield code="0"/><marcx:subfield code="m">barok</marcx:subfield><marcx:subfield code="m">kirkemusik</marcx:subfield><marcx:subfield code="m">kantate</marcx:subfield><marcx:subfield code="n">vokal</marcx:subfield><marcx:subfield code="p">1720-1729</marcx:subfield><marcx:subfield code="l">Tyskland</marcx:subfield></marcx:datafield><marcx:datafield tag="700" ind1="0" ind2="0"><marcx:subfield code="a">Affourtit</marcx:subfield><marcx:subfield code="h">Pieter</marcx:subfield></marcx:datafield><marcx:datafield tag="700" ind1="0" ind2="0"><marcx:subfield code="a">Bernardini</marcx:subfield><marcx:subfield code="h">Alfredo</marcx:subfield></marcx:datafield><marcx:datafield tag="700" ind1="0" ind2="0"><marcx:subfield code="a">Beuse</marcx:subfield><marcx:subfield code="h">Christian</marcx:subfield></marcx:datafield><marcx:datafield tag="700" ind1="0" ind2="0"><marcx:subfield code="a">Brunnmayer</marcx:subfield><marcx:subfield code="h">Linde</marcx:subfield></marcx:datafield><marcx:datafield tag="700" ind1="0" ind2="0"><marcx:subfield code="a">Darmstadt</marcx:subfield><marcx:subfield code="h">Gerhart</marcx:subfield></marcx:datafield><marcx:datafield tag="700" ind1="0" ind2="0"><marcx:subfield code="a">Eichberger</marcx:subfield><marcx:subfield code="h">Myriam</marcx:subfield></marcx:datafield><marcx:datafield tag="700" ind1="0" ind2="0"><marcx:subfield code="a">Frimmer</marcx:subfield><marcx:subfield code="h">Monika</marcx:subfield></marcx:datafield><marcx:datafield tag="700" ind1="0" ind2="0"><marcx:subfield code="a">Hammer</marcx:subfield><marcx:subfield code="h">Christoph</marcx:subfield></marcx:datafield><marcx:datafield tag="700" ind1="0" ind2="0"><marcx:subfield code="a">Hirtreiter</marcx:subfield><marcx:subfield code="h">Bernhard</marcx:subfield></marcx:datafield><marcx:datafield tag="700" ind1="0" ind2="0"><marcx:subfield code="a">Müller</marcx:subfield><marcx:subfield code="h">Rufus</marcx:subfield></marcx:datafield><marcx:datafield tag="700" ind1="0" ind2="0"><marcx:subfield code="a">Schwarz</marcx:subfield><marcx:subfield code="h">Gotthold</marcx:subfield></marcx:datafield><marcx:datafield tag="770" ind1="0" ind2="0"><marcx:subfield code="å">11</marcx:subfield><marcx:subfield code="a">Telemann</marcx:subfield><marcx:subfield code="h">Georg Philipp</marcx:subfield></marcx:datafield><marcx:datafield tag="795" ind1="0" ind2="0"><marcx:subfield code="å">11</marcx:subfield><marcx:subfield code="a">Kantate, TVWV 1:212</marcx:subfield><marcx:subfield code="u">Deines neuen Bundes Gnade</marcx:subfield><marcx:subfield code="e">Monika Frimmer, sopran</marcx:subfield><marcx:subfield code="e">Linde Brunnmayer, fløjte</marcx:subfield><marcx:subfield code="e">Gerhardt Darmstadt, violoncel</marcx:subfield><marcx:subfield code="e">Christoph Hammer, cembalo</marcx:subfield><marcx:subfield code="a">Kantate, TVWV 1:334</marcx:subfield><marcx:subfield code="u">Die ¤Ehre des herrlichen Schöpfers</marcx:subfield><marcx:subfield code="e">Gotthold Schwarz, bas</marcx:subfield><marcx:subfield code="e">Pieter Affourtit, violin</marcx:subfield><marcx:subfield code="e">Gerhart Darmstadt, violoncel</marcx:subfield><marcx:subfield code="e">Christoph Hammer, cembalo</marcx:subfield><marcx:subfield code="a">Kantate, TVWV 1:994</marcx:subfield><marcx:subfield code="u">Kein Vogel kann im weiten Fliegen</marcx:subfield><marcx:subfield code="e">Gotthold Schwarz, bas</marcx:subfield><marcx:subfield code="e">Linde Brunnmayer, fløjte</marcx:subfield><marcx:subfield code="e">Gerhardt Darmstadt, violoncel</marcx:subfield><marcx:subfield code="e">Christoph Hammer, orgel</marcx:subfield><marcx:subfield code="a">Kantate, TVWV 1:1069</marcx:subfield><marcx:subfield code="u">Locke nur, Erde, mit</marcx:subfield><marcx:subfield code="e">Monika Frimmer, sopran</marcx:subfield><marcx:subfield code="e">Myriam Eichberger, blokfløjte</marcx:subfield><marcx:subfield code="e">Gerhart Darmstadt, violoncel</marcx:subfield><marcx:subfield code="e">Christoph Hammer, cembalo</marcx:subfield><marcx:subfield code="a">Kantate, TVWV 1:1222</marcx:subfield><marcx:subfield code="u">Packe dich, gelähmter Drache</marcx:subfield><marcx:subfield code="e">Bernhard Hirtreiter, tenor</marcx:subfield><marcx:subfield code="e">Pieter Affourtit, violin</marcx:subfield><marcx:subfield code="e">Gerhart Darmstadt, violoncel</marcx:subfield><marcx:subfield code="e">Christoph Hammer, cembalo</marcx:subfield><marcx:subfield code="a">Kantate, TVWV 1:1243</marcx:subfield><marcx:subfield code="u">Schau nach Sodom nicht zurücke</marcx:subfield><marcx:subfield code="e">Gotthold Schwarz, bas</marcx:subfield><marcx:subfield code="e">Alfredo Bernardini, obo</marcx:subfield><marcx:subfield code="e">Christian Beuse, fagot</marcx:subfield><marcx:subfield code="e">Christoph Hammer, cembalo</marcx:subfield><marcx:subfield code="a">Kantate, TVWV 1:1467</marcx:subfield><marcx:subfield code="u">Verfolgter Geist, wohin?</marcx:subfield><marcx:subfield code="e">Rufus Müller, tenor</marcx:subfield><marcx:subfield code="e">Alfredo Bernardini, obo</marcx:subfield><marcx:subfield code="e">Christian Beuse, fagot</marcx:subfield><marcx:subfield code="e">Christoph Hammer, orgel</marcx:subfield></marcx:datafield><marcx:datafield tag="990" ind1="0" ind2="0"><marcx:subfield code="a">SFG</marcx:subfield><marcx:subfield code="o">199920</marcx:subfield><marcx:subfield code="c">C</marcx:subfield><marcx:subfield code="t">04.06.99</marcx:subfield></marcx:datafield><marcx:datafield tag="996" ind1="0" ind2="0"><marcx:subfield code="a">DBC</marcx:subfield></marcx:datafield></marcx:record>