
<record xsi:schemaLocation="http://www.loc.gov/standards/iso25577/marcxchange-1-1.xsd" xmlns="info:lc/xmlns/marcxchange-v1" xmlns:xsi="http://www.w3.org/2001/XMLSchema-instance"><leader>00000n    2200000   4500</leader><datafield tag="001" ind1="0" ind2="0"><subfield code="a">51909364</subfield><subfield code="b">191919</subfield><subfield code="c">20150916150138</subfield><subfield code="d">20150827</subfield><subfield code="f">a</subfield></datafield><datafield tag="004" ind1="0" ind2="0"><subfield code="r">n</subfield><subfield code="a">e</subfield></datafield><datafield tag="008" ind1="0" ind2="0"><subfield code="t">m</subfield><subfield code="u">u</subfield><subfield code="a">2013</subfield><subfield code="b">us</subfield><subfield code="d">y</subfield><subfield code="l">eng</subfield><subfield code="x">06</subfield><subfield code="v">4</subfield></datafield><datafield tag="009" ind1="0" ind2="0"><subfield code="a">a</subfield><subfield code="g">xx</subfield></datafield><datafield tag="021" ind1="0" ind2="0"><subfield code="e">9780451415653</subfield><subfield code="c">hf.</subfield></datafield><datafield tag="100" ind1="0" ind2="0"><subfield code="a">Ford</subfield><subfield code="h">Gina</subfield><subfield code="4">aut</subfield></datafield><datafield tag="245" ind1="0" ind2="0"><subfield code="a">The ¤new contented little baby book</subfield><subfield code="c">the secret to calm and confident parenting</subfield></datafield><datafield tag="250" ind1="0" ind2="0"><subfield code="x">1. New American Library printing</subfield></datafield><datafield tag="260" ind1="0" ind2="0"><subfield code="a">New York</subfield><subfield code="b">New American Library</subfield><subfield code="c">2013</subfield></datafield><datafield tag="300" ind1="0" ind2="0"><subfield code="a">xi, 337 sider</subfield></datafield><datafield tag="504" ind1="0" ind2="0"><subfield code="a">Horror stories of sleep-starved nights, inconsolable crying and feeding on demand can make any proud parent fearful of what the future may hold. Written by a top maternity nurse, this book contains a plan that will ensure your baby quickly settles</subfield></datafield><datafield tag="650" ind1="0" ind2="0"><subfield code="a">Infants (Newborn)</subfield><subfield code="x">Care</subfield></datafield><datafield tag="650" ind1="0" ind2="0"><subfield code="a">Child Care</subfield><subfield code="2">5</subfield></datafield><datafield tag="652" ind1="0" ind2="0"><subfield code="m">61.39</subfield></datafield><datafield tag="666" ind1="0" ind2="0"><subfield code="0"></subfield><subfield code="f">spædbørn</subfield></datafield><datafield tag="666" ind1="0" ind2="0"><subfield code="0"></subfield><subfield code="f">barnepleje</subfield></datafield><datafield tag="666" ind1="0" ind2="0"><subfield code="0"></subfield><subfield code="f">småbørn</subfield></datafield><datafield tag="666" ind1="0" ind2="0"><subfield code="0"></subfield><subfield code="o">vejledninger</subfield></datafield><datafield tag="666" ind1="0" ind2="0"><subfield code="0"></subfield><subfield code="u">for forældre</subfield></datafield><datafield tag="745" ind1="0" ind2="0"><subfield code="a">Contented little baby book</subfield></datafield><datafield tag="996" ind1="0" ind2="0"><subfield code="a">726500</subfield></datafield></record>