
<marcx:record format="danMARC2" type="Bibliographic" xmlns:marcx="info:lc/xmlns/marcxchange-v1"><marcx:leader>00000n    2200000   4500</marcx:leader><marcx:datafield tag="001" ind1="0" ind2="0"><marcx:subfield code="a">41974524</marcx:subfield><marcx:subfield code="b">191919</marcx:subfield><marcx:subfield code="c">19990510201219</marcx:subfield><marcx:subfield code="d">19990510</marcx:subfield><marcx:subfield code="f">a</marcx:subfield></marcx:datafield><marcx:datafield tag="002" ind1="0" ind2="0"><marcx:subfield code="b">714700</marcx:subfield><marcx:subfield code="c">90514512</marcx:subfield><marcx:subfield code="x">71470090514512</marcx:subfield></marcx:datafield><marcx:datafield tag="004" ind1="0" ind2="0"><marcx:subfield code="r">n</marcx:subfield><marcx:subfield code="a">e</marcx:subfield></marcx:datafield><marcx:datafield tag="008" ind1="0" ind2="0"><marcx:subfield code="t">m</marcx:subfield><marcx:subfield code="u">f</marcx:subfield><marcx:subfield code="a">1970</marcx:subfield><marcx:subfield code="b">se</marcx:subfield><marcx:subfield code="l">swe</marcx:subfield><marcx:subfield code="v">0</marcx:subfield></marcx:datafield><marcx:datafield tag="009" ind1="0" ind2="0"><marcx:subfield code="a">a</marcx:subfield><marcx:subfield code="g">xx</marcx:subfield></marcx:datafield><marcx:datafield tag="100" ind1="0" ind2="0"><marcx:subfield code="a">Warnstedt</marcx:subfield><marcx:subfield code="h">Ch. von</marcx:subfield></marcx:datafield><marcx:datafield tag="245" ind1="0" ind2="0"><marcx:subfield code="a">Adel - vad är det?</marcx:subfield><marcx:subfield code="e">Ch. von Warnstedt</marcx:subfield></marcx:datafield><marcx:datafield tag="260" ind1="0" ind2="0"><marcx:subfield code="a">Solna</marcx:subfield><marcx:subfield code="b">Seelig</marcx:subfield><marcx:subfield code="c">1970</marcx:subfield></marcx:datafield><marcx:datafield tag="300" ind1="0" ind2="0"><marcx:subfield code="a">229 sider</marcx:subfield></marcx:datafield><marcx:datafield tag="530" ind1="0" ind2="0"><marcx:subfield code="a">Indhold: Adelsbegreppet ; Det personliga adelskapet och adelsförlust ; Adelsprivilegierna i Sverige och i utlandet ; Adeln i Sverige genom tiderna ; Det adliga huvudmannabegreppet ; Adelsförlust i Sverige och grannländerna ; 37§ Regeringsformen och dess tillämpning ; Felaktig tillämpning av 37§ Regeringsformen ; Missbruket av 37§-ätternas vapen och namn ; Förteckning på de obetitlade 37§-ätterna ; Det heraldiska adelpsvapnet och dess till behör ; Den svenska adliga medeltidsheraldiken ; Vapensköldens form ; Sammansatta släktvapen och alliansvapen ; Heraldiken i 37§-sköldebreven ; De svenska adelskronorna och rangtecknen genom tiderna ; Om adliga namnförhållanden ; Den Elgenstiernska adliga ättartavleskandalen</marcx:subfield></marcx:datafield><marcx:datafield tag="532" ind1="0" ind2="0"><marcx:subfield code="a">Litteraturhenvisninger</marcx:subfield></marcx:datafield><marcx:datafield tag="652" ind1="0" ind2="0"><marcx:subfield code="m">30.1622</marcx:subfield></marcx:datafield><marcx:datafield tag="652" ind1="0" ind2="0"><marcx:subfield code="p">90.87</marcx:subfield></marcx:datafield><marcx:datafield tag="996" ind1="0" ind2="0"><marcx:subfield code="a">714700</marcx:subfield></marcx:datafield></marcx:record>