
<marcx:record format="danMARC2" type="Bibliographic" xmlns:marcx="info:lc/xmlns/marcxchange-v1"><marcx:leader>00000n    2200000   4500</marcx:leader><marcx:datafield tag="001" ind1="0" ind2="0"><marcx:subfield code="a">41973358</marcx:subfield><marcx:subfield code="b">191919</marcx:subfield><marcx:subfield code="c">19990510195153</marcx:subfield><marcx:subfield code="d">19990510</marcx:subfield><marcx:subfield code="f">a</marcx:subfield></marcx:datafield><marcx:datafield tag="002" ind1="0" ind2="0"><marcx:subfield code="b">714700</marcx:subfield><marcx:subfield code="c">90441809</marcx:subfield><marcx:subfield code="x">71470090441809</marcx:subfield></marcx:datafield><marcx:datafield tag="004" ind1="0" ind2="0"><marcx:subfield code="r">n</marcx:subfield><marcx:subfield code="a">e</marcx:subfield></marcx:datafield><marcx:datafield tag="008" ind1="0" ind2="0"><marcx:subfield code="t">s</marcx:subfield><marcx:subfield code="v">0</marcx:subfield></marcx:datafield><marcx:datafield tag="009" ind1="0" ind2="0"><marcx:subfield code="a">s</marcx:subfield><marcx:subfield code="g">xc</marcx:subfield></marcx:datafield><marcx:datafield tag="021" ind1="0" ind2="0"><marcx:subfield code="d">kr. 145.00</marcx:subfield></marcx:datafield><marcx:datafield tag="039" ind1="0" ind2="0"><marcx:subfield code="a">jaz</marcx:subfield></marcx:datafield><marcx:datafield tag="110" ind1="0" ind2="0"><marcx:subfield code="a">The ¤Real Thing</marcx:subfield></marcx:datafield><marcx:datafield tag="245" ind1="0" ind2="0"><marcx:subfield code="a">The ¤Real Thing live</marcx:subfield><marcx:subfield code="e">The Real Thing (Paul "Groove" Wagnberg, Torstein Ellingsen, Staffan William-Olsson, Sigurd Køhn)</marcx:subfield></marcx:datafield><marcx:datafield tag="260" ind1="0" ind2="0"><marcx:subfield code="b">Real Records</marcx:subfield></marcx:datafield><marcx:datafield tag="512" ind1="0" ind2="0"><marcx:subfield code="a">Live-optagelse, Rebekka West, Oslo, 4. - 6. oktober 1995</marcx:subfield></marcx:datafield><marcx:datafield tag="531" ind1="0" ind2="0"><marcx:subfield code="a">Indhold:</marcx:subfield></marcx:datafield><marcx:datafield tag="538" ind1="0" ind2="0"><marcx:subfield code="f">Real Records</marcx:subfield><marcx:subfield code="g">RT 105-2</marcx:subfield></marcx:datafield><marcx:datafield tag="652" ind1="0" ind2="0"><marcx:subfield code="m">78.793</marcx:subfield><marcx:subfield code="v">5</marcx:subfield></marcx:datafield><marcx:datafield tag="666" ind1="0" ind2="0"><marcx:subfield code="m">jazz</marcx:subfield><marcx:subfield code="m">acid jazz</marcx:subfield><marcx:subfield code="n">instrumental</marcx:subfield><marcx:subfield code="n">hammondorgel</marcx:subfield><marcx:subfield code="p">1990-1999</marcx:subfield><marcx:subfield code="l">Norge</marcx:subfield></marcx:datafield><marcx:datafield tag="700" ind1="0" ind2="0"><marcx:subfield code="a">Køhn</marcx:subfield><marcx:subfield code="h">Sigurd</marcx:subfield></marcx:datafield><marcx:datafield tag="700" ind1="0" ind2="0"><marcx:subfield code="a">Ellingsen</marcx:subfield><marcx:subfield code="h">Torstein</marcx:subfield></marcx:datafield><marcx:datafield tag="700" ind1="0" ind2="0"><marcx:subfield code="å">3</marcx:subfield><marcx:subfield code="a">William-Olsson</marcx:subfield><marcx:subfield code="h">Staffan</marcx:subfield></marcx:datafield><marcx:datafield tag="700" ind1="0" ind2="0"><marcx:subfield code="a">Wagnberg</marcx:subfield><marcx:subfield code="h">Paul "Groove"</marcx:subfield></marcx:datafield><marcx:datafield tag="795" ind1="0" ind2="0"><marcx:subfield code="å">11</marcx:subfield><marcx:subfield code="a">Attack of the killer mutant Groove</marcx:subfield><marcx:subfield code="a">Waffle shuffle</marcx:subfield><marcx:subfield code="a">Twelve easy bars</marcx:subfield><marcx:subfield code="a">New shoes</marcx:subfield><marcx:subfield code="a">Summer is gone</marcx:subfield><marcx:subfield code="a">The ¤right stuff</marcx:subfield><marcx:subfield code="a">Horsefeathers</marcx:subfield><marcx:subfield code="a">Everlasting love</marcx:subfield><marcx:subfield code="a">Another rhythm</marcx:subfield><marcx:subfield code="a">Hi-heel sneakers</marcx:subfield><marcx:subfield code="a">Breaksong</marcx:subfield><marcx:subfield code="a">Blues for M.F.</marcx:subfield><marcx:subfield code="a">Ode to Billy Joe</marcx:subfield></marcx:datafield><marcx:datafield tag="795" ind1="0" ind2="0"><marcx:subfield code="å">40</marcx:subfield><marcx:subfield code="y">0</marcx:subfield><marcx:subfield code="a">12 easy bars</marcx:subfield></marcx:datafield><marcx:datafield tag="900" ind1="0" ind2="0"><marcx:subfield code="a">Olsson</marcx:subfield><marcx:subfield code="h">Staffan William-</marcx:subfield><marcx:subfield code="z">700/3</marcx:subfield></marcx:datafield><marcx:datafield tag="996" ind1="0" ind2="0"><marcx:subfield code="a">714700</marcx:subfield></marcx:datafield></marcx:record>