
<marcx:record format="danMARC2" type="Bibliographic" xmlns:marcx="info:lc/xmlns/marcxchange-v1"><marcx:leader>00000n    2200000   4500</marcx:leader><marcx:datafield tag="001" ind1="0" ind2="0"><marcx:subfield code="a">41975377</marcx:subfield><marcx:subfield code="b">191919</marcx:subfield><marcx:subfield code="c">19990510202439</marcx:subfield><marcx:subfield code="d">19990510</marcx:subfield><marcx:subfield code="f">a</marcx:subfield></marcx:datafield><marcx:datafield tag="002" ind1="0" ind2="0"><marcx:subfield code="b">710100</marcx:subfield><marcx:subfield code="c">90675974</marcx:subfield><marcx:subfield code="x">71010090675974</marcx:subfield></marcx:datafield><marcx:datafield tag="004" ind1="0" ind2="0"><marcx:subfield code="r">n</marcx:subfield><marcx:subfield code="a">e</marcx:subfield></marcx:datafield><marcx:datafield tag="008" ind1="0" ind2="0"><marcx:subfield code="t">m</marcx:subfield><marcx:subfield code="u">f</marcx:subfield><marcx:subfield code="a">1998</marcx:subfield><marcx:subfield code="b">ru</marcx:subfield><marcx:subfield code="j">f</marcx:subfield><marcx:subfield code="l">rus</marcx:subfield><marcx:subfield code="v">0</marcx:subfield></marcx:datafield><marcx:datafield tag="009" ind1="0" ind2="0"><marcx:subfield code="a">a</marcx:subfield><marcx:subfield code="g">xx</marcx:subfield></marcx:datafield><marcx:datafield tag="021" ind1="0" ind2="0"><marcx:subfield code="a">5-7684-0542-9</marcx:subfield></marcx:datafield><marcx:datafield tag="100" ind1="0" ind2="0"><marcx:subfield code="a">Vasina</marcx:subfield><marcx:subfield code="h">Nina</marcx:subfield></marcx:datafield><marcx:datafield tag="245" ind1="0" ind2="0"><marcx:subfield code="a">Zjensjtjina-apelʹsin</marcx:subfield><marcx:subfield code="c">roman</marcx:subfield><marcx:subfield code="e">Nina Vasina</marcx:subfield></marcx:datafield><marcx:datafield tag="260" ind1="0" ind2="0"><marcx:subfield code="a">Sankt-Peterburg</marcx:subfield><marcx:subfield code="b">Azbuka</marcx:subfield><marcx:subfield code="c">1998</marcx:subfield></marcx:datafield><marcx:datafield tag="300" ind1="0" ind2="0"><marcx:subfield code="a">395 sider</marcx:subfield></marcx:datafield><marcx:datafield tag="440" ind1="0" ind2="0"><marcx:subfield code="a">Russkij talant</marcx:subfield></marcx:datafield><marcx:datafield tag="504" ind1="0" ind2="0"><marcx:subfield code="a">Kriminalroman om en kvindelig detektiv der lærer forbrydernes egne love at kende da hun færdes i det kriminelle miljø</marcx:subfield></marcx:datafield><marcx:datafield tag="652" ind1="0" ind2="0"><marcx:subfield code="m">88.61</marcx:subfield></marcx:datafield><marcx:datafield tag="996" ind1="0" ind2="0"><marcx:subfield code="a">710100</marcx:subfield></marcx:datafield></marcx:record>