
<record xsi:schemaLocation="http://www.loc.gov/standards/iso25577/marcxchange-1-1.xsd" xmlns="info:lc/xmlns/marcxchange-v1" xmlns:xsi="http://www.w3.org/2001/XMLSchema-instance"><leader>00000n    2200000   4500</leader><datafield tag="001" ind1="0" ind2="0"><subfield code="a">51910826</subfield><subfield code="b">191919</subfield><subfield code="c">20150914082633</subfield><subfield code="d">20150827</subfield><subfield code="f">a</subfield></datafield><datafield tag="004" ind1="0" ind2="0"><subfield code="r">n</subfield><subfield code="a">e</subfield></datafield><datafield tag="008" ind1="0" ind2="0"><subfield code="t">m</subfield><subfield code="u">f</subfield><subfield code="a">2015</subfield><subfield code="b">gb</subfield><subfield code="d">x</subfield><subfield code="j">f</subfield><subfield code="l">eng</subfield><subfield code="v">4</subfield></datafield><datafield tag="009" ind1="0" ind2="0"><subfield code="a">a</subfield><subfield code="g">xx</subfield></datafield><datafield tag="021" ind1="0" ind2="0"><subfield code="e">9781471405273</subfield><subfield code="c">hf.</subfield></datafield><datafield tag="100" ind1="0" ind2="0"><subfield code="a">Toro</subfield><subfield code="h">Guillermo del</subfield><subfield code="4">aut</subfield></datafield><datafield tag="245" ind1="0" ind2="0"><subfield code="a">Trollhunters</subfield></datafield><datafield tag="260" ind1="0" ind2="0"><subfield code="a">Londons</subfield><subfield code="b">Hot Key</subfield><subfield code="c">2015</subfield></datafield><datafield tag="300" ind1="0" ind2="0"><subfield code="a">322 sider</subfield></datafield><datafield tag="504" ind1="0" ind2="0"><subfield code="a">In San Bernardino, California, children are going missing. The townspeople don't believe the rumours of trolls, but 15-year-old Jim Jr knows that they're a very real threat. At night, is anyone safe?</subfield></datafield><datafield tag="650" ind1="0" ind2="0"><subfield code="a">Young adult fiction</subfield></datafield><datafield tag="650" ind1="0" ind2="0"><subfield code="a">Teenage Fiction</subfield><subfield code="2">5</subfield></datafield><datafield tag="650" ind1="0" ind2="0"><subfield code="a">General</subfield><subfield code="2">5</subfield></datafield><datafield tag="652" ind1="0" ind2="0"><subfield code="m">83.8</subfield></datafield><datafield tag="700" ind1="0" ind2="0"><subfield code="a">Kraus</subfield><subfield code="h">Daniel</subfield><subfield code="c">f. 1975</subfield><subfield code="4">aut</subfield></datafield><datafield tag="900" ind1="0" ind2="0"><subfield code="A">deltoro</subfield><subfield code="a">del Toro</subfield><subfield code="h">Guillermo</subfield><subfield code="z">100</subfield></datafield><datafield tag="900" ind1="0" ind2="0"><subfield code="a">Toro</subfield><subfield code="h">Guillermo del</subfield><subfield code="z">100</subfield></datafield><datafield tag="996" ind1="0" ind2="0"><subfield code="a">715700</subfield></datafield></record>